4234 5046
542 395 564 459 6
936 393 1086 452 Caecilii
1102 394 1268 465 cypriani

415 573 419 580 ·
541 547 714 615 crederem:
743 547 789 615 sio
808 548 897 616 uitiis
922 549 1159 617 adhaerentibus
1179 550 1388 618 obsecundans
1408 569 1508 631 erum,
1535 553 1678 634 despera·

539 648 626 715 tione
645 649 811 715 meliorum
830 650 924 716 melis
946 651 1025 716 meis
1045 651 1133 716 uelat
1153 651 1218 716 iam
1238 651 1371 736 propriis
1397 670 1434 718 ec
1452 653 1626 720 uernaculis
1645 652 1679 719 et

451 840 453 844 .
540 749 697 819 iacebam.
727 753 782 819 scd
800 755 966 836 postquem
989 752 1090 819 undas
1109 753 1265 840 genetelis
1285 753 1401 821 acribo
1421 754 1587 839 superioris
1607 753 1677 821 aeui

539 853 611 920 lebe
626 854 748 920 detersa
761 854 795 920 in
809 855 967 938 expiatum
979 857 1089 938 pectus
1104 873 1141 921 ac
1154 875 1270 938 purum
1285 856 1416 940 desuper
1429 875 1463 922 sc
1475 857 1582 924 lumen
1595 855 1679 922 iniu-

540 953 604 1035 dit,
625 957 792 1040 postquam
807 956 937 1023 caelitus
952 956 1066 1040 spiritu
1076 958 1189 1023 hausto
1203 957 1368 1024 iuuenum
1382 976 1433 1024 me
1446 959 1606 1026 hominem
1620 977 1677 1024 ne·
1699 987 1709 1025 s

537 1055 650 1123 tiuitas
676 1059 808 1124 secunde
828 1058 1002 1141 repereuit,
1018 1060 1135 1126 mirum
1149 1060 1183 1124 in
1197 1061 1326 1126 modum
1338 1061 1482 1143 protinus
1496 1059 1676 1128 confirmare

538 1176 571 1223 se
586 1158 696 1238 dubie,
719 1160 824 1242 petere
838 1161 958 1238 clausa,
981 1161 1084 1227 lucere
1098 1161 1276 1241 tenebrosa,
1297 1159 1481 1228 facultatem
1501 1162 1574 1227 dare
1594 1161 1676 1248 quod

537 1261 625 1344 prius
639 1259 768 1327 difficile
787 1261 967 1340 uidebatur,
990 1262 1057 1347 geri
1077 1279 1167 1345 posse
1189 1265 1271 1346 quod
1291 1263 1473 1348 inpossibile
1492 1264 1673 1347 putabatur,

536 1362 574 1428 ut
588 1364 671 1429 esset
685 1380 851 1448 agnoscere
870 1364 1028 1431 terrenum
1041 1364 1156 1445 fuisse,
1183 1366 1265 1448 quod
1278 1366 1367 1449 prius
1381 1365 1550 1432 carnaliter
1563 1366 1673 1432 netum

537 1465 661 1532 delictis
681 1465 847 1531 obnoxium
867 1465 1003 1544 uiueret,
1024 1466 1085 1532 Dei
1106 1485 1173 1533 esse
1187 1467 1339 1550 coepisse,
1362 1467 1444 1551 quod
1457 1467 1524 1533 iarn
1538 1466 1707 1552 Spiritusne

536 1567 662 1632 sanctus
676 1566 837 1633 animaret.
853 1567 914 1633 scis
924 1565 1063 1650 profecto
1075 1568 1107 1633 et
1116 1586 1241 1634 mecum
1253 1569 1372 1651 pariter
1381 1569 1583 1654 recognoscis,
1598 1570 1673 1652 quid

536 1667 707 1734 detraxerit
721 1667 810 1734 nobis
831 1667 946 1752 quidue
960 1668 1128 1735 contulerit
1141 1687 1227 1734 mors
1241 1669 1304 1738 ista
1319 1669 1501 1748 criminum,
1525 1670 1593 1736 uite
1606 1669 1673 1735 uir·

516 1804 518 1808 ·
534 1769 651 1834 tutum.
675 1769 737 1835 sois
751 1770 832 1853 ipse,
854 1787 911 1836 nec
923 1770 1077 1855 praedico.
1100 1770 1288 1854 inpropriae
1302 1771 1411 1838 leudes
1425 1773 1532 1839 odiose
1545 1772 1673 1839 betetio

536 1872 599 1937 est:
622 1870 767 1954 quamuis
795 1888 856 1937 nou
879 1871 1033 1937 iactatum
1058 1871 1160 1955 possit
1182 1890 1249 1938 esse
1271 1873 1327 1938 sed
1351 1874 1496 1958 gratum,
1524 1873 1672 1957 quicquid

534 1989 596 2038 non
609 1971 724 2038 uirtuti
743 1972 880 2039 hominis
900 1972 1104 2052 adscribitur,
1127 1975 1182 2040 sed
1196 1975 1235 2040 do
1248 1974 1309 2040 Dei
1323 1994 1450 2042 munere
1463 1975 1705 2060 praedicemus

534 2073 572 2138 ut
592 2073 658 2139 iam
677 2091 739 2139 non
758 2092 884 2158 peccare
899 2093 965 2141 esse
987 2075 1123 2158 coeperit
1136 2075 1225 2157 fidei,
1247 2077 1329 2159 quod
1349 2079 1423 2143 ente
1436 2079 1596 2161 peecatum
1611 2080 1668 2155 est,

533 2173 631 2241 fuant
645 2176 909 2243 enerichumani.
931 2177 991 2243 Dei
1006 2179 1070 2256 est,
1092 2178 1232 2261 inquam,
1255 2177 1315 2245 Dei
1330 2196 1437 2258 omne,
1465 2181 1547 2262 qaod
1560 2196 1670 2262 possu-

534 2294 616 2341 mus.
637 2277 712 2342 inde
726 2277 880 2358 uiuimus,
903 2279 975 2344 iude
990 2279 1162 2362 pollemus,
1184 2279 1258 2346 inde
1272 2280 1400 2364 sumpto
1413 2281 1446 2345 ot
1461 2281 1606 2362 concepto
1621 2281 1671 2345 ui·

532 2394 608 2462 gere
622 2378 674 2443 bic
691 2379 793 2445 adhuc
808 2379 904 2461 positi
915 2380 1092 2446 interorum
1102 2381 1218 2447 indicia
1232 2382 1477 2464 praenoscimus:
1494 2381 1538 2447 sit
1547 2382 1671 2448 tantum

482 2522 485 2529 -
532 2479 628 2545 timor
641 2479 834 2546 morentiae
853 2482 971 2559 custos,
994 2483 1030 2546 ut
1051 2481 1105 2564 qui
1126 2481 1160 2547 in
1174 2485 1295 2562 mentes
1314 2483 1437 2549 nostres
1459 2482 1706 2568 indulgentiore

534 2581 676 2647 caelestis
691 2581 822 2666 edlepsu
834 2582 1002 2649 clementer
1016 2583 1170 2650 Dominus
1184 2583 1318 2668 influxit,
1333 2585 1367 2650 in
1378 2584 1476 2651 animi
1486 2572 1669 2652 oblectantis

584 2776 601 2834 1
620 2775 671 2846 sic]
682 2775 768 2846 signia
780 2777 809 2832 P
870 2777 1121 2848 atdesperetionec
1192 2779 1345 2836 iactatio
1424 2779 1574 2839 amemlis
1590 2781 1618 2834 P

532 2859 693 2916 etiauebeur
704 2861 748 2926 W,
765 2861 911 2917 afferebam
918 2863 988 2927 ΜΒ,
997 2862 1122 2918 ferebam
1128 2863 1179 2930 Pr,
1190 2863 1489 2930 offeucbemBeiuciuc,
1508 2863 1667 2920 merebam

530 2946 715 3016 cdriapust.
729 2946 746 3001 1.
757 2962 779 3001 c.
832 2947 1124 3016 3undae]rnuudiM
1171 2949 1302 3018 genitalis
1318 2949 1383 3004 WP
1428 2950 1588 3007 aerenum
1598 2949 1664 3005 cdd.

526 3036 591 3098 poet
601 3032 837 3100 pectusBuiuriroe
889 3031 907 3088 6
916 3039 981 3102 post
992 3034 1132 3102 repararit
1142 3033 1246 3090 decinit
1257 3036 1291 3090 r'e
1301 3034 1340 3090 Μ
1345 3036 1535 3105 apoprcpbcm
1545 3036 1665 3103 pmbceru

529 3115 613 3186 (dd),
631 3117 757 3186 caedue·
773 3117 857 3172 abet
873 3118 1035 3188 cpoprupbc
1048 3119 1235 3188 praeparem
1257 3119 1414 3189 epistolium
1429 3119 1502 3175 aiud
1523 3120 1665 3188 mdccc,

528 3200 603 3269 pseud
619 3200 743 3258 cerdice
764 3201 960 3258 commoneam
975 3203 1084 3271 primus
1094 3203 1185 3260 edidit
1198 3205 1355 3260 Pometiae.-
1374 3219 1503 3260 nonarus
1523 3219 1665 3262 cumano

528 3298 620 3340 mnne
637 3301 673 3340 ru
690 3285 807 3342 retinere
819 3287 988 3342 ametissimo
1000 3287 1146 3358 Cypriane,
1164 3304 1234 3359 quae
1250 3289 1329 3345 nobis
1345 3289 1431 3345 faerit
1450 3291 1520 3360 apud
1532 3292 1664 3346 oratorem

528 3370 660 3440 (oratores
680 3371 707 3442 o)
727 3371 890 3441 garrulitas,
907 3389 977 3428 unas
996 3389 1103 3440 sensus,
1121 3389 1176 3430 une
1187 3375 1331 3444 cogitatio,
1349 3375 1492 3432 indiuidua
1512 3376 1592 3432 lectio
1612 3375 1664 3446 (di-

527 3454 611 3510 lectio
623 3455 779 3526 Beiram).
798 3457 884 3524 Quare
895 3474 949 3512 non
966 3459 994 3514 et
1010 3458 1039 3513 in
1056 3458 1151 3514 diuina
1170 3460 1287 3515 lectione
1307 3461 1349 3516 ita
1371 3461 1469 3516 animis
1489 3461 1663 3516 roboramur?

527 3541 578 3595 eut
586 3555 639 3594 non
652 3555 685 3594 ea
697 3557 802 3610 semper
811 3542 887 3597 nobis
899 3542 954 3598 init
964 3543 1104 3612 cogitatio,
1118 3545 1376 3614 sicutpromittebas
1385 3545 1618 3616 (prenditebemus
1627 3549 1661 3615 o).

527 3623 654 3680 ateinrul
665 3625 831 3681 crederemus
891 3629 1202 3698 caeperuutoonfirmere
1214 3631 1277 3684 ΜΒ
1340 3633 1406 3690 'Iso
1418 3647 1467 3686 ora
1480 3631 1517 3687 Μ
1577 3632 1596 3689 9
1614 3647 1662 3702 cg·

526 3709 651 3765 nesciat
706 3710 746 3769 ro
763 3711 944 3778 oeternum,
967 3713 1127 3770 urrann·
1176 3718 1229 3785 ,11
1248 3701 1343 3774 subn
1404 3719 1458 3773 see
1478 3717 1536 3788 ipse
1556 3717 1610 3772 ne

526 3797 755 3865 recognosccsM¹
824 3797 862 3857 13
880 3798 985 3868 predico
997 3799 1160 3870 inpropriae
1172 3803 1271 3860 laudes
1291 3804 1415 3862 Odosar
1475 3805 1513 3863 14
1530 3803 1659 3875 quidquid

527 3879 572 3934 Pe
625 3881 663 3940 15
679 3881 941 3952 abiatiluiriumB
1004 3884 1149 3941 deoruM
1210 3887 1292 3945 (ΜΡ
1356 3891 1393 3949 16
1410 3891 1660 3960 reparemur:

527 3963 597 4032 quod
649 3979 764 4021 nouom.
779 3967 819 4023 W
866 3983 924 4024 esce
935 3984 985 4024 oro.
999 3970 1028 4024 P
1078 3971 1182 4040 ceperit
1197 3973 1237 4028 W
1280 3975 1319 4032 17
1337 3978 1495 4030 esternaco
1541 3975 1579 4034 18
1597 3975 1659 4031 inde

525 4048 658 4121 pollemus
678 4051 728 4108 om.
752 4053 790 4108 M
850 4053 961 4140 nigrore
977 4053 1005 4109 B
1069 4053 1111 4113 20
1128 4056 1176 4126 qui
1192 4057 1374 4124 WVPBM1,
1393 4059 1532 4130 quiebi',
1551 4059 1657 4131 quode,

526 4135 650 4192 dominus
669 4139 717 4207 qui
738 4138 881 4196 Pcrnciiscc
941 4141 979 4200 il
998 4141 1108 4198 influxit
1123 4143 1235 4210 WMB,
1262 4145 1452 4212 infulsitPV,
1475 4147 1575 4203 inluxit
1595 4147 1657 4202 Ma·

525 4220 625 4277 retitue-
674 4224 764 4279 animo
781 4225 828 4290 W,
846 4225 944 4281 animis
955 4225 994 4281 M
997 4231 1003 4262 ¹
1029 4261 1031 4264 -
1060 4226 1227 4284 oblectantes
1240 4230 1278 4285 ΡΙ
