4002 5050
384 406 450 472 390
795 405 941 462 Caecilii
959 405 1120 476 Cypriani

329 557 370 621 22
427 557 539 643 Adque
553 562 591 627 ut
607 561 712 646 pigros
727 562 760 627 et
773 561 897 627 steriles
912 563 945 627 et
959 561 1132 643 eupiditate
1146 561 1321 627 nummaria
1339 559 1421 627 nihil
1436 559 1517 626 eirea

388 662 523 729 tructam
545 663 657 730 salutis
683 665 845 747 operantes
869 663 972 748 magis
995 664 1125 747 pudeat,
1147 662 1276 746 utplus
1297 661 1516 729 oonsoientiam

386 765 542 831 sordidam
565 765 722 832 dedecoris
747 785 784 834 ae
808 765 1015 850 turpitudinis
1041 783 1114 833 suae
1139 765 1233 831 mbor
1259 765 1390 846 caedat,
1423 765 1517 848 ponat

387 869 595 951 unnsquisque
620 869 692 934 ante
714 869 818 935 oeulos
844 886 916 935 suos
942 868 1101 934 diabolum
1131 887 1205 934 oum
1228 868 1326 934 seruis
1341 869 1406 935 suia
1420 867 1455 932 id
1469 870 1518 933 ost

387 989 458 1034 oum
482 969 596 1052 populo
622 970 806 1053 perditionis
827 989 865 1036 ao
886 971 996 1036 mortis
1010 972 1043 1036 in
1057 969 1197 1037 medium
1212 970 1370 1052 prosilire,
1392 969 1516 1052 plebem
1538 989 1550 1028 ι

387 1072 503 1138 Obrieti
518 1073 677 1154 praesente
691 1075 724 1138 et
738 1073 897 1139 iudicante
911 1074 979 1157 ipso
994 1073 1234 1156 comparationis
1248 1073 1387 1138 examine
1402 1089 1515 1154 prono-

387 1193 457 1240 oare
470 1173 642 1240 dicentem:
664 1167 731 1258 ‘ego
756 1192 812 1257 pro
837 1175 908 1240 istis
934 1191 1010 1257 quos
1031 1193 1153 1240 meeum
1168 1175 1257 1241 nidos
1272 1193 1328 1240 neo
1343 1175 1449 1258 alapas
1464 1192 1517 1240 ao·

387 1278 454 1360 oepi
473 1295 530 1342 neo
547 1275 672 1362 flagella
686 1277 822 1343 sustinui
836 1297 894 1344 neo
908 1295 1029 1344 oruoom
1045 1277 1162 1359 pertuli
1177 1296 1233 1343 neo
1247 1277 1432 1362 sauguinem
1446 1275 1515 1342 fudi

385 1397 440 1445 neo
453 1377 607 1443 semidam
628 1397 733 1444 meam
754 1379 854 1460 pretio
876 1379 1026 1462 passionis
1049 1381 1081 1444 et
1102 1378 1219 1444 orneris
1234 1379 1367 1456 redemi,
1390 1377 1445 1442 sed
1459 1396 1516 1442 neo

384 1499 515 1564 regnum
530 1480 596 1545 illie
611 1479 747 1574 calesu,
756 1481 905 1563 promitto
919 1500 975 1547 neo
985 1483 1026 1546 ad
1036 1479 1215 1563 paradisum
1226 1481 1372 1546 restituta
1385 1481 1514 1545 immor·
1524 1497 1551 1535 ιι

386 1582 510 1648 talitate
536 1582 635 1648 denuo
661 1599 787 1648 reuooo:
810 1584 842 1648 et
867 1602 997 1649 munera
1021 1583 1101 1648 mibi
1127 1602 1221 1666 quam
1249 1583 1399 1665 pretiosa,
1421 1600 1515 1663 quam

388 1685 532 1770 merrdie,
554 1702 648 1765 quam
662 1684 761 1749 nimio
787 1686 820 1750 et
845 1684 938 1770 longo
964 1684 1068 1750 labore
1083 1685 1224 1768 quaesita
1235 1683 1515 1766 sumptuosissimis

386 1787 585 1869 apparatibus
606 1788 776 1868 conparant
801 1787 892 1851 rebus
918 1787 984 1852 snis
1003 1785 1054 1851 uel
1069 1785 1216 1871 obligatis
1230 1787 1263 1850 in
1277 1786 1415 1851 muneris
1430 1803 1516 1851 oem-

385 1889 579 1972 parationem
593 1889 645 1953 uel
660 1889 813 1954 uenditis:
836 1905 872 1953 ae
886 1888 948 1954 uisi
963 1889 1059 1954 editio
1074 1888 1203 1954 honeste
1217 1889 1418 1967 euooeseerit,
1442 1905 1515 1952 oon-

384 1991 476 2058 uioiis
490 2011 526 2058 ae
540 1991 643 2058 sibilie
658 1991 813 2058 eiciuntur
828 1992 860 2057 et
874 1992 977 2059 furore
1002 1991 1144 2074 populari
1166 2011 1398 2075 nonnumquam
1420 2009 1515 2074 paene
1524 2013 1550 2054 ιι
1645 1977 1649 1988 ’

386 2093 573 2176 lapidantur.
603 2095 675 2159 tuos
699 2095 778 2160 tales
804 2095 1011 2170 munerarios,
1046 2092 1182 2171 Christe,
1218 2095 1411 2172 demonstra,
1443 2091 1515 2157 illos

386 2195 516 2274 diuites,
532 2195 603 2260 illos
618 2195 749 2278 copiosis
764 2195 875 2279 opibus
889 2194 1052 2270 abuentes,
1074 2213 1114 2260 an
1129 2195 1162 2260 in
1178 2195 1308 2261 eeclesia
1321 2195 1515 2278 praesidente

387 2301 418 2362 et
432 2297 589 2378 spectante
603 2297 636 2361 te
651 2297 803 2361 eiusmodi
818 2315 934 2361 munna
959 2298 1054 2361 edant
1079 2295 1291 2380 obpigneratis
1314 2297 1365 2362 uel
1380 2297 1514 2362 distrac-

385 2398 427 2463 tis
449 2399 540 2463 rebue
562 2397 643 2476 suis,
674 2397 771 2463 immo
793 2397 832 2463 ed
855 2398 1002 2464 molestes
1024 2395 1185 2463 thesauros
1206 2399 1330 2463 mutata
1351 2398 1384 2464 in
1399 2399 1513 2464 melius

386 2499 574 2585 possessione
600 2501 770 2567 translatis.
799 2501 928 2566 inistis
954 2500 1134 2566 muneribus
1158 2501 1237 2567 meis
1264 2503 1387 2566 eaduois
1414 2503 1549 2583 adquam

385 2601 516 2668 terrenis
531 2617 622 2667 nemo
636 2602 790 2684 pasoitur,
814 2619 904 2667 nemo
919 2601 1068 2680 uestitus,
1097 2619 1186 2666 nemo
1212 2602 1274 2667 eibi
1300 2603 1434 2668 alienius
1457 2606 1514 2668 aut

385 2705 476 2784 potue
501 2703 613 2767 solaoio
639 2703 822 2768 sustinetur.
856 2704 966 2768 ennete
986 2701 1068 2768 inter
1089 2703 1224 2768 furorem
1247 2703 1365 2768 adonim
1381 2707 1413 2769 et
1427 2723 1515 2788 spee-

384 2805 483 2870 tantis
498 2821 631 2870 errorem
645 2804 776 2888 prodiga
798 2805 830 2869 et
852 2805 952 2870 stulta
973 2805 1172 2886 uoluptatum
1186 2804 1406 2872 frustrantium
1422 2807 1514 2872 uani·

385 2907 452 2971 tate
465 2906 643 2990 depereunt.
667 2906 735 2971 illio
749 2907 782 2972 in
796 2907 983 2989 pauperibus
998 2907 1062 2971 tuis
1076 2907 1112 2971 tu
1128 2906 1254 2972 uestiris
1270 2910 1301 2973 et
1315 2910 1460 2990 pasceris,
1477 2913 1513 2974 tn

385 3011 544 3074 aeternam
561 3009 660 3074 uitam
676 3008 875 3089 operantibus
889 3009 1060 3091 polliceris:
1084 3011 1116 3075 ot
1137 3009 1191 3074 uir
1213 3010 1260 3074 tui
1283 3011 1361 3077 meis
1383 3012 1549 3095 porden-ao

385 3113 472 3177 tibus
494 3113 705 3194 adaequantur
728 3112 815 3193 quia
835 3113 868 3176 te
890 3111 1007 3176 diuinis
1029 3111 1221 3176 mercedibus
1236 3112 1268 3176 et
1283 3112 1429 3195 praemiis
1444 3132 1515 3180 eae·

385 3213 517 3281 lestibue
531 3209 736 3281 honorantur?

439 3469 455 3524 1
476 3465 667 3522 numerariuo
718 3467 894 3535 depotentes
908 3467 990 3519 Wtes
1002 3481 1072 3520 corr.
1126 3466 1242 3520 eronur
1254 3466 1286 3520 F
1343 3467 1443 3520 tante
1455 3481 1516 3520 oeu-

385 3553 425 3607 los
437 3567 498 3605 suos
511 3551 580 3607 We.
590 3551 609 3606 1.
620 3553 687 3605 m.2
753 3549 812 3605 suis
823 3549 909 3605 seruis
926 3549 989 3604 We
1001 3555 1027 3605 et
1038 3551 1156 3620 depost.
1170 3555 1270 3605 eontra
1281 3549 1354 3606 oona
1365 3551 1442 3620 epist.
1456 3550 1515 3606 Pel.

385 3637 439 3700 IV,
450 3641 522 3702 &21
573 3635 680 3705 bplebe
691 3637 797 3706 aliquot
806 3635 883 3692 codd.
895 3637 1014 3706 Aupsest.
1067 3637 1086 3690 6
1103 3635 1240 3705 ipsumW
1289 3635 1415 3691 ilredirni
1426 3637 1464 3689 θ’

384 3722 431 3778 sed
440 3739 491 3777 ooo.
503 3723 529 3775 θ
580 3723 612 3777 11
626 3721 696 3777 ιιι11ιὶ
706 3723 765 3776 We.
776 3722 794 3775 1.
806 3725 870 3777 ιιι.2
921 3721 955 3776 13
973 3721 1170 3790 comparatione
1184 3721 1238 3782 Ge,
1256 3719 1467 3788 obligationeW

385 3805 604 3863 lutomerice
655 3807 688 3861 16
703 3805 857 3875 lapidentur
872 3807 908 3860 θ’
965 3805 1130 3874 demonstra]
1142 3805 1209 3860 odd.
1222 3805 1432 3875 Mutationem
1442 3804 1515 3874 Vll:

384 3891 535 3963 praereptis
552 3891 609 3945 tuis
625 3891 741 3946 monitos
758 3892 788 3944 et
803 3905 851 3959 pro
869 3891 984 3946 terrenis
1001 3889 1130 3945 eoelestia
1147 3892 1296 3960 recepturos
1401 3890 1434 3943 17
1453 3889 1516 3943 illos

386 3981 410 4034 G
427 3995 449 4034 a.
464 3979 481 4032 1.
495 3995 529 4034 m.
544 3981 565 4034 Β
634 3976 774 4032 mouentes
793 3977 847 4033 Wo
933 3975 1037 4032 aun&
1123 3976 1157 4031 18
1174 3975 1212 4046 te]
1229 3975 1301 4030 uto
1387 3975 1516 4045 oppigno-

384 4064 481 4120 ratieo
550 4064 584 4118 19
601 4061 761 4118 thensauros
776 4063 825 4118 W*
905 4063 941 4118 20
956 4063 1088 4118 tranletis
1100 4063 1126 4116 0
1195 4062 1230 4115 22
1247 4063 1465 4117 manatura*

384 4149 419 4205 23
438 4149 639 4218 frustrantium]
656 4147 852 4218 prostrantium
869 4147 901 4204 F
984 4147 1019 4203 25
1036 4145 1210 4218 perdentibus
1225 4146 1380 4213 new,
1403 4163 1514 4218 pereun-

382 4235 457 4291 tibus
469 4235 531 4291 F¹o
