4002 5050
394 361 458 428 388
792 357 936 416 Caecilii
955 356 1117 429 Cypriani

395 533 468 580 urere
481 514 563 579 lilios
577 516 649 579 tuos
664 512 790 598 diligis,
813 514 841 578 si
856 513 900 579 eis
914 512 1039 578 exhibes
1053 511 1179 594 plenam
1194 511 1227 574 el·
1241 510 1401 594 paternam
1417 507 1525 572 dulce·

395 616 499 682 dinem
516 615 673 694 multatis,
689 615 808 699 operari
821 615 924 700 magis
938 614 1031 680 debes
1046 615 1084 678 ut
1097 613 1179 678 lilios
1194 615 1266 679 tuos
1279 614 1344 678 Deo
1355 612 1440 676 iusta
1451 629 1524 694 ope·

395 718 515 784 ratione
529 717 734 783 commendes.

347 839 387 901 η
437 821 503 886 Neo
518 839 589 885 eum
605 820 713 885 liberis
727 819 791 884 tuis
806 819 924 904 cogites
938 821 1059 902 patrem
1074 817 1128 899 qui
1143 821 1176 883 et
1196 817 1402 900 temporarius
1422 816 1455 881 ot
1476 815 1525 880 iu·

396 921 505 986 firmus
520 923 584 998 est,
606 921 661 986 sed
676 921 769 986 illum
784 938 873 1003 pares
888 919 941 1003 qui
955 920 1097 986 aeternus
1112 919 1145 984 ot
1158 919 1267 984 firmus
1282 918 1417 985 filiorum
1432 916 1525 999 spiri-
1547 928 1561 968 ὁ

396 1025 511 1088 talium
535 1025 623 1104 pater
650 1027 706 1086 est.
741 1022 790 1087 illi
817 1022 946 1104 adsigna
971 1021 1137 1086 facultates
1162 1024 1234 1086 tuas
1260 1038 1337 1102 quas
1362 1018 1526 1084 heredibus

397 1144 521 1191 seruas:
543 1125 599 1188 ille
613 1123 657 1190 sit
671 1124 778 1189 liberis
793 1124 857 1188 tuis
871 1125 973 1199 tutor,
1001 1122 1055 1186 ille
1070 1125 1208 1199 curator,
1231 1121 1286 1186 ille
1300 1122 1407 1187 conus
1420 1136 1525 1186 omues

397 1226 526 1290 iniurias
541 1227 712 1290 saeculares
728 1227 835 1290 diuina
850 1227 1014 1289 mneos
1028 1226 1191 1306 protector.
1216 1224 1438 1305 patrimonium
1460 1222 1526 1286 Deo

397 1328 552 1394 creditum
573 1345 630 1392 nec
652 1327 827 1408 respublica
849 1326 941 1406 eripit
963 1345 1019 1390 neo
1040 1326 1133 1392 fiscus
1155 1326 1280 1391 inuadit
1301 1345 1356 1390 neo
1371 1324 1526 1390 calumnia

397 1429 503 1511 aliqua
517 1430 647 1494 lorensis
661 1429 784 1493 euertit.
807 1429 840 1492 in
854 1431 923 1492 tuto
933 1427 1088 1492 hereditas
1099 1427 1225 1510 ponitur
1236 1447 1313 1510 quae
1324 1427 1389 1490 Deo
1400 1426 1526 1492 custode
1537 1433 1562 1472 ¹⁰

398 1534 550 1596 seruatur.
573 1531 631 1595 hoc
646 1531 694 1595 est
708 1530 788 1594 caris
803 1530 983 1614 pignoribus
998 1531 1031 1594 in
1046 1533 1204 1610 posterum
1216 1529 1391 1611 prouidere,
1408 1529 1465 1595 hoo
1480 1531 1528 1594 est

398 1631 513 1698 futuris
529 1631 693 1697 heredibus
707 1635 835 1713 paterna
846 1633 960 1712 pietate
972 1633 1129 1696 consulere
1140 1633 1308 1698 secuudum
1319 1632 1413 1697 fidem
1428 1632 1526 1714 serip-

398 1737 487 1800 lurae
503 1735 626 1798 sanotae
640 1734 789 1798 dicentis:
812 1735 997 1800 iuuenior
1018 1734 1076 1799 fui
1100 1737 1139 1799 et
1159 1735 1268 1800 senui
1291 1739 1330 1800 et
1351 1752 1420 1800 uon
1444 1736 1525 1800 uidi

398 1835 546 1900 iustum
568 1835 804 1900 derelictum
826 1852 945 1916 neque
978 1853 1105 1900 semen
1140 1836 1223 1901 eius
1255 1855 1445 1919 quaereus
1466 1856 1527 1920 pa-

398 1957 490 2002 nem.
507 1937 900 2003 totadiemiserelur·
921 1939 958 2002 et
980 1937 1156 2003 foenerat
1178 1939 1215 2002 ct
1237 1957 1361 2003 semen
1384 1941 1467 2004 eius
1489 1941 1561 2004 inas

399 2039 675 2104 benedictione
698 2041 785 2103 erit.
812 2041 984 2102 etiterum:
999 2040 1066 2120 qui
1088 2041 1349 2104 conuersatur
1370 2041 1451 2104 sine
1472 2041 1527 2103 ui·

398 2141 647 2222 tuperatione
671 2141 711 2205 ln
734 2141 896 2206 iustitia
918 2142 1051 2208 beatos
1073 2140 1188 2206 lilios
1210 2141 1416 2222 relinquet.
1439 2160 1528 2224 prae-

399 2243 674 2324 ua1ioatcritaque
689 2245 721 2308 et
735 2243 875 2324 proditor
889 2244 977 2325 pater
992 2261 1040 2320 es,
1063 2243 1124 2306 nisi
1139 2241 1214 2307 liliis
1229 2242 1295 2306 tuis
1309 2241 1443 2308 fideliter
1457 2260 1529 2306 con-

400 2346 500 2420 sulas,
522 2345 582 2409 nisi
605 2345 822 2410 conseruandis
843 2346 889 2410 eis
912 2345 1057 2428 religiosa
1079 2347 1111 2409 ot
1125 2363 1199 2410 uere
1215 2345 1333 2427 pietate
1347 2343 1527 2425 prospicias.

399 2446 476 2526 quid
501 2447 607 2511 studes
633 2449 752 2510 terreno
775 2447 877 2529 magis
892 2465 986 2526 quam
1001 2445 1127 2511 caelesti
1142 2447 1343 2527 patrimonio,
1365 2445 1446 2511 filios
1460 2449 1566 2510 tuosne

400 2547 525 2612 diabolo
540 2547 641 2610 mauis
666 2549 880 2612 commendare
905 2567 999 2628 quam
1025 2545 1171 2612 Christo?
1194 2546 1243 2611 bis
1257 2546 1412 2627 delinquis
1427 2550 1460 2611 et
1474 2566 1530 2629 ge-

399 2649 521 2714 minum
546 2667 583 2712 ac
608 2649 720 2730 duplex
750 2650 867 2714 crimen
881 2649 1024 2712 admittis
1049 2651 1082 2712 et
1107 2649 1188 2730 quod
1204 2668 1264 2714 non
1280 2667 1441 2729 praeparas
1455 2648 1530 2711 liliis

400 2749 464 2813 tuis
490 2750 547 2814 Dei
574 2750 673 2832 patris
699 2751 850 2814 auxilium
872 2752 904 2814 et
926 2750 1006 2831 quod
1021 2751 1112 2815 dooes
1126 2750 1208 2813 lilios
1222 2750 1444 2831 patrimonium
1460 2747 1530 2831 plus

401 2871 506 2918 amare
520 2870 615 2934 quam
630 2850 800 2916 Christum.

350 2955 391 3015 2⁰
443 2955 519 3018 Esto
544 2954 648 3036 potius
673 2955 781 3018 liberis
807 2956 871 3018 tuis
897 2959 985 3036 pater
1001 2956 1075 3019 talis
1090 2954 1192 3034 qualis
1208 2953 1323 3018 {lobias
1338 2953 1455 3018 extitit.
1490 2953 1563 3016 dass

403 3055 495 3121 utilio
517 3057 549 3121 et
570 3057 722 3122 salutarie
735 3059 898 3140 praecepta
923 3056 1105 3140 pigneribus
1131 3055 1237 3138 qualia
1262 3054 1316 3120 ille
1340 3053 1407 3120 filio
1432 3053 1529 3124 dedit.

401 3159 515 3222 manda
529 3158 604 3223 liliis
619 3160 684 3224 tuis
699 3159 781 3243 quod
805 3162 836 3226 et
858 3161 912 3224 ille
926 3160 1089 3224 mandauit
1107 3159 1229 3224 diceus:
1251 3159 1290 3222 et
1310 3176 1425 3229 nuno,
1447 3155 1529 3228 lili,

401 3259 538 3324 mando
560 3261 688 3338 uobis,
726 3263 874 3326 seruite
897 3262 974 3325 Deo
997 3262 1033 3325 in
1057 3260 1230 3325 ueritate
1259 3263 1298 3324 el
1327 3258 1452 3323 lecito
1473 3275 1531 3322 co-

506 3445 537 3498 13
556 3445 754 3513 Ps.tlli,25'rsq.
809 3446 841 3499 16
859 3445 936 3498 Prou.
949 3445 991 3508 20,
1005 3446 1028 3498 7.
1082 3445 1116 3497 27
1135 3443 1355 3511 Toe.14,1osq.

454 3615 603 3685 lplenarn]
617 3617 748 3668 ueramG
799 3614 913 3669 ddebes
926 3615 1053 3684 megisG
1114 3615 1261 3683 deumlte
1276 3615 1317 3666 Go
1377 3613 1479 3666 nero

400 3716 479 3771 pares
490 3716 541 3754 ora.
556 3701 802 3770 0,patrempares
818 3701 904 3756 Onon.
958 3700 1094 3755 lloredito
1109 3695 1530 3766 eloinr·ar.l;add.ex100d.

401 3785 579 3854 Krodieper:
597 3801 645 3839 neo
656 3785 699 3839 fur
711 3786 796 3855 rapit3
820 3787 856 3853 cs.
874 3786 959 3840 Gron.
974 3787 1027 3840 cta.
1036 3803 1066 3854 p.
1079 3789 1135 3840 324
1222 3783 1315 3853 eripit]
1328 3783 1481 3838 emitidem

402 3871 436 3924 10
452 3870 625 3939 inponitur
636 3873 726 3924 oreo
781 3871 813 3923 13
831 3871 945 3924 iuniore
997 3873 1058 3940 non]
1071 3887 1217 3938 numquam
1229 3869 1260 3924 F
1309 3869 1342 3922 14
1359 3869 1529 3937 quaerentem

401 3957 441 4020 F,
454 3972 564 4026 muso
615 3957 649 4010 15
666 3957 795 4025 faenorat]
808 3957 956 4011 commodat
968 3957 1012 4012 Fe
1065 3956 1098 4010 16
1110 3957 1172 4025 erit]
1186 3959 1228 4008 oet
1240 3955 1306 4018 Wo;
1329 3955 1365 4021 cs.
1379 3961 1436 4008 leel.
1451 3953 1532 4009 1111

398 4058 427 4110 p.
439 4045 494 4097 110
544 4041 577 4095 17
589 4041 683 4096 beatos
695 4045 757 4112 post
771 4058 826 4097 soe
877 4041 1183 4111 20quidF,quiWGo
1235 4041 1268 4094 21
1282 4039 1370 4094 mauis
1382 4040 1424 4102 W,
1445 4039 1532 4109 magis

402 4129 473 4182 Iove
534 4128 654 4191 christo,
672 4128 951 4199 bissiodiotinpue'to
1017 4128 1219 4198 eupraepam]
1232 4141 1357 4197 properas
1372 4126 1533 4195 Krobinper·

402 4211 642 4282 cercedrecepst
694 4213 728 4266 27
741 4213 880 4267 mandauit
890 4214 1018 4279 FWGV,
1032 4213 1089 4267 filio
1099 4211 1269 4267 mandauito
1320 4211 1355 4265 28
1373 4209 1448 4264 uobis
1461 4212 1532 4265 serui

401 4297 575 4361 semels,
593 4297 646 4352 tibi
659 4299 760 4352 sonnio
822 4300 962 4354 ntorn.W
1015 4299 1085 4355 saco
