3994 5044
425 381 489 447 314
627 383 774 439 Caecilii
791 385 955 456 Cypriani
973 384 1011 439 de
1029 385 1251 440 mortalitate
1268 400 1291 438 c
1308 385 1351 440 26

435 535 540 602 tarum
561 537 770 603 exultantium
795 556 958 618 numerus,
987 539 1055 605 illic
1075 539 1248 624 martyrum
1265 539 1503 605 innumerabilis
1517 557 1575 624 po·

410 633 411 638 ’
435 640 530 722 pnlus
544 641 583 704 ob
598 642 779 707 certaminis
794 644 827 708 et
844 643 997 725 passionis
1018 643 1151 727 gloriam
1165 644 1197 709 et
1211 643 1375 708 uictoriam
1398 644 1574 723 coronatus,

436 741 663 826 triumphantes
685 743 826 829 uirgines
850 764 930 826 quae
955 745 1232 828 concupiscentiam
1258 745 1360 810 carnis
1380 745 1413 810 at
1439 745 1575 828 corporis

438 844 643 911 continentias
657 845 765 913 rubore
778 846 985 932 subegerunt,
1008 849 1195 914 remunerati
1210 847 1424 914 misericordes
1438 847 1493 930 qui
1515 847 1575 912 ali-

438 947 553 1012 mentis
574 947 606 1012 ot
627 948 848 1032 largitionibus
869 968 1040 1032 pauperum
1067 951 1207 1016 iustitiae
1231 967 1324 1033 opera
1345 949 1501 1026 lecerunt,
1521 951 1606 1032 quis

438 1047 593 1114 dominica
606 1053 770 1132 praccepta
786 1053 945 1118 comantes
959 1053 999 1118 ad
1014 1053 1161 1118 caelestes
1175 1053 1334 1119 thesauros
1344 1053 1467 1118 terrsna
1477 1051 1576 1134 patri-

438 1151 543 1216 monia
553 1151 789 1220 transtulerunt
813 1156 853 1220 ad
868 1154 935 1233 hos,
950 1153 1065 1220 frames
1080 1154 1288 1233 dilectissimi,
1303 1153 1397 1220 auida
1407 1154 1578 1238 cupiditate

437 1271 645 1337 properamus,
660 1257 697 1320 ut
712 1275 784 1322 cum
799 1257 850 1322 hie
865 1257 928 1324 cito
943 1275 1025 1336 asse,
1039 1259 1078 1322 ut
1091 1257 1153 1322 cito
1164 1256 1204 1323 ad
1215 1256 1375 1323 Christum
1386 1257 1493 1322 neuim
1503 1274 1578 1322 con-

437 1356 542 1440 tingat
562 1359 713 1439 optemus.
744 1359 824 1424 hanc
844 1361 1066 1444 cogitationem
1087 1363 1225 1426 nostram
1247 1359 1332 1424 Deus
1354 1359 1477 1438 uideat,
1520 1358 1577 1424 hoc

439 1460 632 1543 propositum
654 1462 770 1526 mantis
785 1465 819 1526 st
833 1461 906 1526 fidei
921 1461 1063 1528 curatus
1078 1462 1209 1543 aspiciat
1222 1462 1354 1526 (laturus
1370 1461 1416 1526 eis
1430 1459 1578 1526 caritatis
1588 1477 1614 1516 ro

440 1579 515 1626 suae
528 1562 681 1645 ampliora
704 1565 844 1646 praemia
857 1581 991 1645 quorum
1006 1565 1089 1630 circa
1102 1583 1135 1628 se
1149 1563 1266 1630 inerint
1280 1563 1436 1628 desideria
1449 1563 1578 1628 maiora

490 1766 507 1820 1
525 1781 650 1820 numerus
662 1765 795 1835 gloriosus
801 1767 838 1834 S,·
856 1769 953 1823 malim
965 1769 1057 1837 ἐρίων
1068 1785 1140 1822 num.
1153 1768 1274 1836 copinam
1327 1768 1345 1820 2
1361 1766 1478 1835 gloriam
1491 1769 1519 1820 et
1528 1781 1569 1820 our

443 1851 550 1907 OWGo
627 1851 784 1920 3uirgines
796 1851 957 1916 solvor,
975 1853 1034 1906 illic
1046 1852 1193 1922 uirgineas
1264 1866 1334 1920 qnae
1349 1851 1420 1906 We.
1433 1851 1451 1904 t
1464 1854 1531 1904 arat?

439 1935 631 1990 continentiam
648 1936 675 1990 G
766 1937 904 1991 iroboris
916 1937 1113 2006 subigcmnts
1189 1936 1336 2004 alimentis]
1349 1935 1475 1989 hmeutis
1491 1935 1531 1989 W

440 2021 458 2075 5
475 2023 503 2076 et
514 2037 564 2076 orn
577 2021 601 2077 S
684 2023 819 2092 iustitiae]
832 2022 908 2076 iusta
922 2023 963 2078 W
1047 2023 1065 2076 6
1082 2023 1241 2076 thensauros
1251 2021 1313 2078 SW
1320 2061 1327 2084 ,
1344 2021 1489 2075 thesaurus
1505 2019 1529 2073 0

440 2107 632 2176 'lhos1hocS
692 2109 711 2160 8
727 2123 785 2162 csse
795 2108 930 2177 ponimus
946 2105 972 2161 0
1022 2109 1040 2162 9
1057 2109 1181 2176 optamus
1202 2106 1241 2160 θ’
1304 2107 1426 2159 nomam
1437 2103 1529 2158 om.O

441 2193 476 2247 10
492 2191 615 2246 dominus
626 2192 744 2246 christos
761 2193 801 2247 Oe
870 2192 1007 2246 claritatis
1026 2192 1076 2257 W,
1093 2192 1230 2262 glorisso
1310 2201 1579 2275 ancingiarum

442 2293 479 2331 nn
496 2293 695 2332 aususausus
713 2291 846 2332 malma
863 2277 1012 2346 (nxrnncrn
1033 2277 1068 2348 0)
1087 2277 1190 2342 SWO,
1214 2290 1346 2330 uxnmcru
1366 2289 1464 2329 nemun
1486 2288 1580 2328 cscrnr

441 2377 572 2417 curuum
585 2379 622 2416 nn
634 2377 835 2418 ansularum
850 2362 876 2418 G
