3922 5032
751 341 889 397 Icstim
907 339 947 404 11,
959 339 999 399 30
1011 368 1044 380 -
1056 336 1110 394 III.
1423 335 1485 404 101

346 497 453 585 uobis,
485 495 635 581 quamdiu
655 511 718 561 non
745 493 864 560 fecistis
886 493 942 558 uni
969 511 1007 558 ex
1026 490 1169 557 minImIs
1189 488 1256 569 his,
1286 475 1386 572 neque
1406 487 1487 554 mihi

346 600 474 667 fecistis.
498 600 531 666 et
544 599 637 666 ibunt
652 597 710 664 isti
724 597 758 664 in
772 595 879 683 ignem
894 598 1071 673 aeternum,
1101 590 1179 659 iusti
1201 591 1309 658 autom
1329 590 1364 658 in
1385 589 1488 657 uitam

346 704 513 770 oeternum.

714 1417 863 1483 LIBIIR
893 1412 1118 1482 nunnius.

315 1691 327 1732 t
515 1671 758 1730 cYPRIIst
776 1673 963 1742 QVIRINO
980 1672 1104 1728 FILIO
1121 1670 1328 1728 SALVTEM.

393 1784 461 1881 Pro
474 1809 536 1876 fide
550 1829 586 1876 oc
599 1810 764 1877 deuotione
777 1810 848 1890 tua,
871 1829 967 1894 quam
981 1809 1116 1876 Domino
1130 1809 1197 1875 Deo
1212 1809 1353 1889 exhibes,
1374 1809 1422 1874 fili
1436 1827 1490 1876 ca·

350 1913 491 1992 riseinre,
511 1911 639 1995 petisti,
660 1915 699 1980 ut
712 1912 753 1978 ad
767 1911 986 1980 instruendum
999 1913 1033 1978 to
1048 1931 1243 1996 excerperem
1268 1911 1306 1978 de
1326 1910 1490 1994 scriptans

351 2015 466 2080 sanctia
481 2014 633 2097 quaedam
648 2015 786 2097 capitula
799 2013 839 2079 ad
853 2013 1033 2098 religiosam
1044 2014 1147 2080 sectas
1157 2014 1281 2080 nostrae
1293 2013 1490 2096 disciplinam

351 2115 553 2198 pertinentia,
575 2115 719 2182 lectionis
747 2115 873 2182 diuinae
898 2115 1090 2182 succinctam
1116 2114 1315 2200 diligentium
1330 2133 1490 2198 quaerens,

317 2218 390 2284 1⁰ut
403 2217 527 2284 animus
541 2218 608 2283 Deo
621 2217 747 2283 deditus
760 2234 822 2282 non
836 2216 940 2300 longis
955 2217 1012 2282 aut
1025 2215 1138 2282 multis
1152 2215 1307 2282 librorum
1320 2215 1491 2282 uolumini·

351 2318 410 2385 bus
424 2318 590 2406 infigetur,
618 2319 672 2385 sod
698 2318 841 2386 eruditus
865 2317 1021 2385 breuiario
1046 2318 1283 2402 praeceptorum
1308 2317 1491 2386 caslutium

352 2420 466 2487 habeat
485 2421 524 2488 ad
547 2420 712 2488 fouendum
732 2419 916 2487 memoriam
937 2439 1027 2487 sunm
1043 2421 1168 2485 salubre
1182 2420 1214 2485 et
1228 2420 1345 2506 grande
1360 2439 1492 2504 conpen-

353 2521 451 2590 dium.
475 2524 508 2589 et
533 2523 607 2607 quia
632 2523 693 2589 tibi
719 2523 848 2606 plenum
874 2521 1052 2588 dilectionis
1078 2521 1263 2604 obsequium
1289 2521 1402 2603 debeo,
1429 2521 1491 2588 ieci

352 2625 435 2707 quod
448 2624 574 2708 petisti,
595 2625 633 2690 ut
645 2624 818 2690 laborarem
834 2623 946 2703 semel,
961 2642 1001 2688 ne
1014 2623 1051 2688 tu
1066 2641 1188 2706 semper
1202 2623 1369 2690 laborares.
1392 2643 1492 2708 quan·

319 2726 423 2790 ustum
446 2724 551 2808 potuit
575 2725 683 2809 itaque
697 2723 895 2790 mediocritas
914 2725 1023 2790 nostra
1043 2723 1210 2807 conplecti,
1235 2725 1369 2792 collecta
1382 2727 1492 2794 sunta

352 2845 403 2892 mo
417 2827 570 2908 quaedam
585 2827 750 2910 praccepta
771 2827 928 2893 dominica
943 2827 975 2892 et
988 2826 1172 2910 magisteria
1194 2826 1304 2893 diuina
1326 2846 1405 2910 quae
1426 2845 1493 2894 esse

352 2928 384 2992 ot
402 2926 511 2994 facilia
530 2928 563 2994 et
583 2925 676 2993 utilia
690 2927 867 3014 legentibus
887 2927 1024 3012 possint,
1047 2927 1124 2993 dum
1138 2928 1172 2994 in
1186 2927 1379 2995 breuiarium
1394 2947 1493 3013 pauca

352 3027 475 3115 digesta
495 3029 528 3095 et
546 3029 697 3096 uelociter
710 3029 914 3114 perleguntur
927 3031 960 3095 et
980 3029 1157 3113 frequenter
1176 3029 1340 3096 iterantur.
1363 3030 1436 3114 opto
1450 3029 1492 3114 te,

355 3129 401 3196 fili
416 3131 593 3212 carissime,
608 3149 730 3215 semper
744 3131 822 3198 bene
836 3129 949 3199 ualere.

404 3318 421 3375 1
440 3316 496 3388 his]
518 3316 582 3371 istie
593 3316 621 3371 A
690 3315 841 3372 ilebibunt
852 3315 960 3372 LMBo
1028 3317 1088 3387 isti]
1108 3315 1139 3371 hi
1152 3317 1179 3368 B
1249 3316 1342 3387 ignem
1354 3320 1493 3374 aeteruum

352 3401 391 3466 A,
418 3401 616 3458 ambustionem
636 3403 774 3457 aeternam
798 3400 944 3458 WLIIBc
1057 3401 1093 3456 ud
1113 3400 1255 3469 Quirinum
1275 3403 1309 3459 de
1328 3406 1495 3461 memento

353 3484 450 3542 christi
462 3486 573 3558 explicit
584 3485 655 3542 liber
665 3486 696 3541 11
707 3485 806 3557 incipit
816 3486 886 3541 liber
898 3485 945 3540 111
956 3485 992 3552 A,
1006 3485 1041 3540 cd
1048 3484 1191 3553 Quirinum
1202 3486 1274 3543 liber
1285 3487 1316 3543 II
1328 3488 1440 3559 explicit
1447 3490 1494 3557 W,

355 3571 389 3628 ad
401 3573 545 3642 Quirinum
556 3572 630 3628 liber
645 3572 676 3626 II
693 3572 726 3629 de
748 3576 919 3628 sacramento
935 3577 992 3642 erp.
1012 3570 1093 3642 incip
1112 3571 1148 3626 sd
1159 3571 1273 3628 cundem
1284 3573 1356 3631 liber
1367 3574 1421 3631 HL
1435 3575 1495 3632 bre-

353 3657 437 3712 uIcrii
457 3656 490 3712 de
511 3657 640 3728 cspItulic
659 3657 849 3712 mandatorum
871 3657 915 3712 dei
937 3657 972 3712 cd
989 3657 1310 3729 christianaareligiouis
1322 3660 1495 3732 disciplinam

353 3741 552 3812 pertiuentibus
572 3741 654 3812 incip.
676 3742 739 3814 epla
760 3741 848 3798 XIIII
862 3742 902 3807 B,
923 3741 1025 3800 Caecili
1037 3741 1160 3811 cipriani
1179 3741 1215 3796 sd
1227 3743 1370 3812 Quirinum
1381 3746 1453 3802 liber
1463 3745 1495 3802 11

354 3835 404 3898 erp
415 3828 488 3898 incip
500 3827 535 3883 sd
546 3826 660 3884 eundem
680 3832 806 3899 excerpta
826 3828 1006 3899 capitulorum
1023 3843 1135 3884 numero
1152 3827 1226 3882 LXX
1245 3828 1294 3896 Μ,
1311 3829 1410 3901 incipit
1424 3831 1497 3888 liber

355 3913 454 3969 tertius
466 3913 494 3969 L

407 4017 707 4089 commoremur
767 4019 787 4076 7
804 4019 1035 4090 exercerpsremL
1102 4017 1121 4076 9
1139 4019 1288 4074 succiutam
1299 4019 1342 4074 ΔΙ
1399 4020 1438 4078 12
1455 4019 1497 4077 to-

357 4101 471 4160 uendum
484 4105 513 4160 Β
584 4105 622 4162 13
640 4103 692 4160 ieci
703 4120 739 4160 cc
750 4103 841 4160 secuti
852 4103 880 4159 L
961 4104 994 4159 17
1013 4107 1042 4159 ot
1054 4105 1133 4175 (cote
1143 4105 1248 4176 facille)
1260 4119 1310 4161 ona
1326 4105 1446 4164 WMBo

355 4189 517 4261 renuam}
528 4190 657 4262 gasan
668 4191 697 4246 n
767 4189 806 4250 rs
824 4191 953 4261 reantur
964 4191 991 4244 a
1062 4189 1100 4249 1o
1119 4189 1161 4246 on
1173 4190 1273 4248 eaor
1341 4174 1404 4246 ὦ
1416 4191 1444 4246 a

357 4283 405 4349 exp
415 4277 532 4352 epistola
542 4277 617 4349 incip
629 4283 677 4349 cap
689 4276 760 4336 CXX
772 4277 800 4334 Β
