3936 5032
568 387 614 444 De
633 388 831 446 eutholieso
850 391 1019 446 ecelesiae
1036 391 1179 446 unitate
1198 407 1220 446 e
1240 390 1323 451 3-5·
1461 391 1527 458 213

367 542 438 608 tom
453 543 689 623 manifestaret,
705 544 838 611 unitatis
855 545 997 610 eiusdem
1011 543 1169 628 originem
1184 543 1224 609 sb
1243 560 1303 609 uno
1318 542 1526 627 incipientem

370 662 429 711 sno
439 645 627 712 suomriteto
640 645 806 730 disposuit.
830 645 889 712 hoe
904 648 994 713 erent
1008 645 1119 731 utique
1134 648 1167 712 et
1183 646 1280 714 ceteri
1295 646 1527 731 apostolique

267 747 274 772 ⁶
369 745 435 813 fuit
449 746 582 828 Petrus,
606 749 674 834 pmi
690 749 844 815 consortio
859 748 995 833 pruediti
1007 751 1040 815 et
1054 748 1181 817 honoris
1206 751 1239 816 et
1260 751 1446 834 potestatis,
1469 751 1524 816 sed

372 849 533 916 exordium
549 851 588 918 sb
605 850 729 918 unitate
751 849 973 935 proficiscitur,
995 853 1033 917 ut
1055 851 1187 918 eeclesia
1209 851 1328 919 Christi
1351 871 1414 918 uns
1434 871 1525 919 mon-

328 967 349 1008 ³⁵
371 951 500 1018 stretur.
523 971 621 1036 quum
641 970 737 1020 unum
752 951 915 1020 eeclesiam
930 953 1029 1020 etiem
1049 953 1083 1018 in
1106 954 1228 1020 candeo
1244 954 1438 1022 cantieorum
1453 952 1524 1038 Spi-

372 1053 454 1120 ritus
469 1056 598 1122 sunetus
613 1075 650 1122 er
665 1072 797 1139 persons
810 1054 939 1122 Domini
954 1054 1101 1142 designet
1115 1057 1149 1122 et
1163 1057 1259 1122 dicit:
1288 1075 1362 1124 unu
1384 1057 1445 1124 est
1466 1075 1524 1124 eo-

372 1154 626 1239 lumbemeu,
648 1157 940 1241 perieetnmeu,
963 1157 1373 1236 unuestmutrisuse,
1396 1158 1524 1227 eleeto

372 1260 578 1343 genetrici
601 1263 703 1327 suso.
738 1261 819 1326 hune
840 1259 987 1327 ecelesiae
1013 1261 1170 1327 unitatem
1193 1263 1249 1344 qui
1275 1279 1338 1327 non
1365 1262 1453 1327 tenet
1474 1263 1524 1327 te-

372 1377 446 1425 nere
461 1378 494 1426 se
509 1361 605 1428 fidem
620 1361 745 1429 credit?
767 1361 822 1446 qui
838 1362 987 1427 eoelesiue
1010 1362 1161 1428 renititur
1176 1365 1209 1429 et
1223 1363 1347 1430 resistit
1367 1363 1403 1429 in
1426 1363 1525 1429 eoele-

332 1480 363 1520 πο
374 1460 423 1527 siu
437 1479 471 1528 se
485 1480 552 1528 esse
567 1462 721 1530 confidit?
742 1463 866 1547 quando
882 1465 914 1530 et
928 1464 1039 1532 butus
1054 1465 1216 1548 spostolus
1230 1465 1350 1532 Paulus
1364 1466 1424 1531 hoe
1438 1466 1524 1532 idem

372 1563 482 1631 domet
497 1565 530 1632 et
544 1566 777 1632 sacromentum
793 1566 924 1632 unitatis
939 1567 1085 1633 ostendat
1099 1567 1222 1634 disens:
1246 1587 1364 1634 unum
1380 1585 1523 1652 eorpus

373 1669 415 1733 et
436 1688 537 1735 unus
558 1667 745 1751 spiritus,
769 1687 845 1735 unu
867 1687 953 1751 spes
976 1668 1401 1748 notationisuestrne,
1424 1688 1523 1736 unus

373 1768 581 1851 Dominus,
604 1791 679 1838 unu
701 1770 820 1852 fides,
844 1791 962 1837 unum
984 1771 1205 1854 baptisma,
1227 1791 1325 1838 unus
1346 1771 1458 1838 Deus.

418 1869 522 1949 Quum
536 1874 692 1941 unitatem
707 1874 814 1939 tenere
828 1873 963 1940 firmiter
979 1876 1012 1940 et
1025 1872 1188 1940 uindicare
1209 1873 1369 1952 debemus,
1384 1871 1551 1944 maximos

333 1989 364 2030 m
376 1971 512 2057 episcopi
542 1975 598 2058 qui
624 1975 657 2041 in
683 1975 815 2043 ecclesie
839 1976 1073 2060 praesidemus,
1097 1977 1134 2041 ut
1159 1975 1375 2059 episcopatum
1401 1991 1523 2057 quoque

376 2072 480 2155 ipsum
507 2095 606 2142 unum
636 2077 737 2160 adque
762 2077 937 2143 indiuisum
962 2077 1139 2160 probemus.
1173 2094 1265 2143 nemo
1291 2076 1523 2142 fraternitatem

376 2176 538 2244 mendacio
564 2177 673 2259 fallet,
704 2196 796 2244 nemo
822 2177 916 2246 fidem
942 2178 1087 2247 dentatis
1112 2178 1232 2264 perfida
1258 2178 1521 2261 praeuaricatione

478 2360 670 2428 somene.
724 2364 758 2418 11
776 2363 965 2434 spuuusq.

419 2530 640 2587 lmuniiestetlt
683 2532 1000 2596 unitetisSWGMRV,
1009 2546 1091 2587 nuum
1100 2530 1260 2586 cathedram
1268 2533 1415 2588 eonstiterit
1422 2537 1453 2589 et
1461 2534 1522 2588 uni·

372 2614 441 2669 tutis
447 2616 601 2672 Manutius
672 2615 766 2672 eiusR
825 2617 859 2671 nb
869 2632 922 2673 nno
931 2616 1118 2688 incipientem]
1125 2619 1208 2685 utque
1220 2616 1354 2688 originem
1365 2617 1521 2674 VteeteRi·

364 2699 459 2768 ‚poten
505 2699 658 2756 intonuit
701 2700 859 2756 esuriero
901 2700 1120 2772 iprofioieeitur]
1130 2701 1196 2756 adut
1206 2703 1521 2770 epoetMunutiunrin-

370 2783 441 2840 uitis
450 2782 651 2840 SWGMVR:
670 2785 699 2839 et
718 2785 852 2855 primatus
865 2785 946 2841 Petro
957 2785 1052 2849 detur,
1076 2787 1110 2840 ut
1128 2800 1183 2840 unu
1194 2783 1299 2842 Christi
1311 2784 1426 2842 eoeleste
1437 2790 1466 2842 ut
1477 2803 1520 2843 os·

368 2867 534 2924 thedrsm
545 2870 718 2924 monstretur.
731 2871 890 2940 etpostores
899 2871 964 2925 sunt
973 2886 1074 2935 ornnes,
1086 2869 1210 2940 sedgrex
1218 2885 1288 2926 unns
1297 2871 1459 2938 ostenditur,
1472 2873 1521 2943 qui

370 2950 406 3008 eb
414 2952 546 3023 spostoiis
555 2953 683 3009 omnibus
694 2955 817 3010 ununimi
829 2953 1001 3011 possessione
1012 2955 1148 3025 pssestur.
1162 2955 1283 3012 adnutu
1291 2957 1340 3011 uir
1349 2956 1457 3026 doetus,
1474 2959 1522 3014 eui

369 3037 518 3093 mentes
530 3037 661 3094 lectiones
672 3039 706 3095 in
718 3039 872 3108 eennpluei
888 3039 1083 3110 Goette'npem
1094 3039 1240 3095 detentus:
1253 3036 1331 3096 'duee
1346 3042 1435 3097 uerte
1451 3048 1521 3098 eunt

368 3119 470 3178 additu
483 3136 519 3177 en
533 3136 593 3178 uero
604 3123 697 3180 eodiee
707 3140 848 3180 manuscr.
873 3124 977 3180 Viroeiu'
993 3125 1062 3194 (siet
1079 3123 1129 3180 sed
1148 3131 1314 3196 surruptum
1331 3142 1367 3182 ee
1383 3127 1519 3193 Vioneeii,

345 3207 428 3274 ‘suit
446 3209 520 3264 eninr
537 3209 586 3264 die
602 3209 672 3264 teter
688 3210 815 3267 Vieneeii
832 3210 867 3266 de
883 3211 1061 3282 Alterputis3
1080 3211 1119 3279 es.
1132 3209 1233 3267 Latin.
1246 3211 1307 3268 diet
1319 3228 1389 3268 eser.
1406 3229 1437 3284 p.
1452 3217 1519 3282 179)

369 3293 568 3361 Bononiensis,
580 3295 631 3365 qui
643 3300 683 3351 eet
693 3296 727 3352 in
738 3295 899 3353 bsdiiotdeea
908 3297 1056 3361 Votienus,
1069 3313 1090 3351 a
1101 3295 1136 3350 P.
1153 3295 1285 3352 Gabriele
1291 3299 1520 3367 poenitentemne

363 3379 560 3435 -ooneentiente
576 3380 708 3450 manuteo
723 3381 800 3436 enen
815 3382 943 3451 pututii'.
961 3382 1012 3438 tuoe
1023 3379 1250 3438 uddemeuun
1261 3381 1391 3452 defendit
1405 3399 1519 3456 onony-

368 3479 430 3519 nus
441 3465 475 3519 in
486 3463 579 3520 zuene
589 3465 727 3535 insumpto
739 3466 821 3522 lettre
837 3467 907 3522 d'un
923 3473 1039 3534 mensu
1056 3467 1128 3523 e'A.
1148 3483 1226 3537 poue
1238 3469 1372 3525 reenmer
1390 3485 1435 3525 un
1451 3485 1519 3539 pus·

368 3549 597 3620 ropeinportunt
609 3549 645 3606 de
656 3549 699 3606 St.
715 3550 846 3623 copem
865 3552 1016 3610 Menoiree
1033 3552 1068 3608 de
1080 3552 1220 3610 Trenoun.
1236 3557 1312 3610 1726
1326 3571 1356 3624 p.
1370 3557 1445 3612 1877
1459 3569 1518 3626 eq.,·

362 3635 406 3703 es.
416 3640 511 3690 tannen
520 3635 701 3706 theotopieetee
714 3637 935 3708 thmbednitt
945 3641 1020 3694 1873
1035 3654 1065 3706 p.
1077 3641 1133 3694 610
1150 3653 1190 3708 eq.
1263 3639 1359 3695 utRe.
1372 3639 1390 3694 1
1403 3643 1467 3696 Μ

369 3717 536 3776 mnenon
555 3721 584 3777 V
667 3721 851 3780 mostretan
934 3721 1054 3778 dotium
1076 3721 1163 3780 eund
1248 3723 1266 3778 6
1283 3721 1412 3795 designet
1428 3724 1467 3795 et]
1485 3723 1519 3780 de

369 3803 483 3860 eoolssis
500 3805 528 3862 G
585 3804 697 3862 dieutd
765 3807 781 3862 1
801 3807 887 3864 eleeto
899 3811 942 3864 eet
952 3809 1001 3874 M,
1019 3807 1109 3864 oud
1177 3809 1195 3865 8
1213 3807 1373 3881 genitrieio
1442 3811 1520 3866 tenet

369 3905 420 3946 orn
434 3892 462 3949 R
532 3891 551 3951 9
570 3893 688 3964 resistit]
701 3893 767 3948 edd.
780 3911 805 3951 e.
814 3901 880 3965 poet
892 3895 1064 3950 Panaetium.-
1083 3895 1132 3963 qui
1148 3894 1307 3951 enthedrem
1318 3894 1409 3960 Petri,
1437 3911 1518 3966 super

369 3991 451 4045 quum
462 3975 553 4046 (quem
566 3977 716 4048 Murius>
728 3977 843 4034 drndntu
854 3985 896 4034 est
907 3979 1033 4044 eoeleeiu,
1044 3978 1148 4035 deserit
1201 3980 1237 4038 12
1256 3996 1340 4036 unum
1351 3963 1416 4054 spii
1424 3982 1465 4039 R'

368 4061 485 4134 namne]
498 4065 607 4120 normes
623 4063 649 4119 θ
728 4065 763 4120 14
780 4063 895 4120 firmiter
906 4068 1027 4122 teneree
1107 4065 1141 4122 15
1158 4066 1300 4122 nolentem
1316 4066 1354 4123 0¹
1425 4071 1458 4128 16
1475 4070 1517 4127 in·

368 4147 459 4203 uisum
474 4148 558 4204 17111
617 4149 650 4204 17
669 4147 750 4206 fldem
762 4150 889 4206 neritntis
902 4149 937 4216 S,
950 4149 1014 4206 tidoi
1025 4151 1175 4207 ueritatem
1187 4151 1340 4212 women
1403 4155 1515 4228 perfide]

367 4231 498 4301 perfidius
513 4233 550 4300 V,
569 4249 617 4304 per
629 4233 692 4291 fidei
705 4235 744 4290 M
792 4235 1051 4306 prueuerieutionem
1064 4237 1103 4294 Μ
