3994 5044
460 363 525 430 366
860 362 1007 419 Caecilii
1025 362 1187 432 Cypriani

460 533 584 599 semper
609 517 642 583 et
667 533 773 600 preces
798 514 959 582 tundimus
986 518 1018 582 et
1042 532 1097 600 pro
1112 533 1186 600 pace
1200 533 1237 583 ac
1251 516 1352 582 seinte
1366 517 1473 582 nestra
1486 512 1590 598 propi·

461 622 579 686 tientes
601 625 634 688 et
654 621 813 704 placantes
835 621 938 687 Deum
959 621 1068 687 diobm
1083 639 1120 687 ac
1133 621 1277 687 noctibus
1292 619 1410 704 ingiter
1423 618 1526 701 adque
1540 616 1591 682 in·

462 725 731 790 stenteroramna.

411 823 451 888 2Ι
505 824 607 891 Nemo
622 826 683 892 sibi
697 825 803 910 itaque
817 825 998 892 blandiatur
1012 827 1094 910 quod
1108 827 1198 894 nobis
1212 829 1245 893 ot
1265 825 1421 910 profanis,
1442 823 1502 891 Dei
1524 820 1592 888 onl-

462 927 583 993 toribus
599 929 631 994 et
645 929 711 994 Deo
725 928 962 995 aduersantibus
977 930 1020 996 eit
1034 929 1160 995 interim
1180 947 1235 1012 per
1256 928 1475 1012 aequalitatem
1490 926 1592 993 carnia
1613 948 1626 988 ι

462 1031 496 1096 et
518 1031 653 1113 eorporis
675 1030 816 1098 laborum
838 1032 1043 1098 saecularium
1067 1032 1204 1098 condicio
1219 1033 1409 1110 communis,
1431 1032 1469 1096 nt
1482 1049 1518 1096 ex
1533 1029 1592 1094 hoc

461 1131 605 1215 opinetur
626 1151 687 1198 non
708 1133 813 1199 omnio
833 1135 895 1199 iste
916 1151 995 1216 qnae
1009 1133 1155 1200 accidunt
1169 1132 1259 1199 nobis
1273 1133 1424 1218 inrogari,
1446 1150 1517 1198 cum
1532 1130 1591 1197 Dei

462 1233 563 1315 ipsius
576 1235 805 1318 praedicatione
826 1239 858 1300 et
879 1236 1059 1318 prophetica
1073 1236 1297 1301 contestatione
1312 1237 1384 1300 ente
1398 1234 1591 1317 praedictam

462 1335 505 1400 eit
530 1337 694 1402 uenturam
720 1353 813 1422 snper
836 1337 969 1403 iniustos
994 1338 1075 1403 iram
1100 1338 1175 1417 Dei,
1197 1336 1423 1420 persecutiones
1445 1353 1523 1420 qnae
1536 1350 1591 1401 nos

462 1435 645 1504 humanitus
666 1438 823 1506 laederent
843 1458 905 1505 non
926 1439 1103 1518 defuturas,
1125 1440 1177 1505 aed
1200 1441 1232 1504 et
1253 1438 1387 1506 ultiones
1401 1457 1481 1522 quae
1494 1438 1626 1504 laesosro

465 1537 619 1607 diuinitus
633 1542 830 1608 defenderent
844 1543 1012 1609 secuturas.

411 1648 454 1711 22
506 1643 549 1707 Et
570 1646 687 1725 quanta
708 1644 782 1709 sunt
803 1662 881 1726 qnae
902 1645 977 1710 istic
997 1665 1053 1730 pro
1074 1645 1163 1710 nobis
1185 1645 1311 1710 interim
1324 1644 1413 1710 liunt.
1442 1645 1474 1708 in
1489 1662 1592 1710 exem-

463 1743 552 1827 plum
567 1744 688 1829 aliquid
703 1746 812 1824 datur,
835 1749 872 1812 ut
886 1747 944 1813 Dei
960 1747 1094 1813 uindicis
1109 1748 1156 1814 ira
1175 1749 1327 1814 noscatur.
1352 1749 1489 1814 ceterum
1511 1746 1592 1812 retro

463 1848 512 1910 est
525 1846 634 1912 iudicii
650 1848 716 1912 dies
731 1866 822 1930 quam
835 1850 989 1931 scriptura
1000 1851 1107 1914 sancta
1118 1851 1280 1915 denuntiet
1291 1848 1412 1915 dicens:
1428 1848 1590 1914 ululate.

463 1950 663 2032 proximus
693 1951 752 2014 est
782 1949 884 2015 enim
914 1951 997 2015 dies
1026 1950 1195 2029 Domini,
1229 1953 1267 2016 et
1288 1949 1453 2016 obtritio
1475 1969 1495 2016 a
1515 1950 1627 2016 neoc

464 2052 600 2117 aderit.
636 2069 721 2117 eece
742 2053 844 2117 enim
867 2053 948 2117 dies
970 2053 1127 2120 Domini
1150 2055 1260 2119 uenit
1282 2053 1516 2120 insanabilis
1538 2054 1593 2118 in·

464 2155 715 2240 dignationis
746 2157 785 2222 et
814 2155 895 2222 irae
927 2173 1067 2240 ponere
1095 2157 1223 2224 orbem
1245 2158 1376 2224 terrea
1396 2157 1592 2225 desertum

465 2258 506 2321 ct
526 2259 753 2338 peccatores
774 2259 934 2340 perdere
956 2278 1000 2325 ex
1024 2278 1076 2326 eo.
1111 2263 1144 2326 et
1158 2262 1289 2327 iterum:
1313 2280 1398 2327 ecce
1420 2260 1502 2326 dies
1522 2261 1592 2325 Do-

463 2359 563 2424 mini
593 2361 703 2426 uenit
731 2360 867 2428 ardena
889 2362 1002 2428 uelut
1023 2361 1220 2442 clibanus,
1255 2365 1442 2446 eruntque
1464 2379 1593 2428 omnes

464 2461 712 2546 alienigenae
745 2465 784 2530 et
816 2481 945 2531 omnes
974 2465 1101 2548 iniqui
1123 2467 1289 2548 stipula,
1323 2468 1361 2532 et
1382 2463 1629 2532 succendetro

464 2563 559 2629 illos
581 2565 796 2631 adueniens
818 2565 919 2646 dica,
952 2566 1055 2634 dicit
1076 2567 1271 2634 Dominus.
1305 2567 1450 2634 succendi
1473 2569 1505 2633 et
1527 2583 1592 2630 cre-

463 2667 544 2732 mari
560 2665 752 2752 alienigenae
774 2669 934 2753 praecenit
956 2669 1109 2736 Dominus
1131 2671 1164 2736 id
1186 2671 1235 2736 est
1256 2669 1373 2736 alienos
1386 2689 1405 2736 a
1420 2669 1526 2735 diuino
1541 2685 1595 2754 ge-

463 2787 536 2836 nere
551 2771 584 2834 et
594 2770 756 2865 profanos,
780 2771 966 2853 spiritaliter
991 2789 1053 2838 non
1079 2775 1201 2839 moetos
1226 2791 1284 2840 nec
1304 2773 1362 2838 Dei
1385 2773 1467 2839 lilios
1481 2771 1590 2837 iactos.

464 2869 595 2936 euadere
620 2871 704 2936 enim
730 2871 811 2937 solos
839 2891 930 2957 posse
958 2874 1012 2956 qui
1038 2874 1138 2940 renati
1165 2876 1197 2941 et
1221 2875 1310 2960 signo
1335 2873 1452 2940 Christi
1477 2871 1594 2958 signati

464 2969 583 3038 inerint
597 2975 659 3041 elio
674 2974 707 3040 in
721 2976 788 3042 loeo
803 2977 887 3043 Deus
901 2976 1056 3061 loquitur,
1072 2977 1194 3061 qnando
1209 2979 1250 3044 ad
1265 2978 1471 3044 uastationem
1485 2975 1595 3042 mnndi
1604 2995 1629 3037 a

464 3074 498 3138 et
511 3074 675 3141 interitum
692 3078 812 3162 generis
826 3079 956 3146 humani
971 3080 1097 3165 angelos
1112 3099 1184 3147 snos
1198 3081 1327 3147 mittens
1342 3079 1469 3165 granius
1489 3079 1522 3144 in
1545 3075 1594 3142 nl·

463 3175 543 3242 timo
558 3179 900 3249 comminatnrdicena:
924 3183 1055 3249 cadite
1076 3185 1114 3250 et
1136 3183 1286 3249 caedite
1308 3184 1345 3248 et
1367 3181 1492 3248 nolite
1512 3197 1594 3263 par-

567 3362 601 3416 14
619 3365 662 3418 ns.
676 3365 718 3430 13,
731 3367 755 3420 6.
768 3369 791 3420 n.
866 3371 900 3423 18
918 3369 982 3422 Mal.
995 3370 1021 3433 4,
1034 3369 1056 3422 1.
1110 3370 1143 3423 27
1163 3369 1205 3424 Ea
1217 3370 1243 3434 9,
1255 3371 1272 3424 5
1286 3387 1323 3438 sq.

516 3517 648 3586 ipreoem
661 3517 690 3572 B
740 3519 993 3588 aeapneenaesnl,
1012 3520 1222 3590 acplaeantesc
1266 3519 1543 3592 titaqaaeibiRBo

463 3602 611 3656 nnobieB
663 3603 741 3658 nobis
753 3603 796 3658 dei
808 3603 959 3660 cultoribus
971 3609 1000 3661 et
1010 3607 1130 3675 profanis
1144 3607 1231 3663 Oeen.
1295 3605 1594 3676 prolenisdeicnltori-

463 3686 700 3758 basconiaerpa'to
751 3689 836 3744 'lnon
849 3691 948 3747 mall
999 3691 1124 3748 nobiaM
1175 3691 1341 3762 inrogantlt
1404 3693 1595 3762 totpereecn·

464 3774 553 3830 tiones
565 3774 646 3830 ΜΒυ
709 3775 744 3830 12
761 3775 898 3848 istineB,
917 3777 1057 3833 osthiclt
1119 3777 1377 3849 interimpronobis
1390 3777 1417 3832 Β
1476 3775 1595 3846 exemplo

463 3861 500 3916 M
551 3862 890 3920 ltcetornmoeternmlt
943 3863 1415 3933 llindiciiportdieeMatnat
1470 3861 1595 3917 ltinsa·

464 3947 655 4004 nabilirotM
705 3949 740 4005 18
757 3949 856 4004 iternm
867 3949 985 4005 dicitdi
1043 3947 1079 4005 20
1095 3949 1246 4020 aligeniene
1259 3951 1307 4006 W·
1373 3948 1595 4004 elienotomnce

464 4048 515 4088 om.
528 4034 557 4089 R
609 4034 842 4104 cicutstipnlaM
902 4033 1244 4104 21cromari1tremorlB
1303 4033 1339 4088 22
1355 4033 1477 4104 eligenda
1489 4033 1539 4090 W·

395 4145 398 4152 v
464 4119 599 4188 praecinit
609 4121 663 4178 Mo
713 4107 763 4176 d'na
776 4119 973 4176 ideetalienos
989 4119 1172 4176 We.l.oa2
1233 4119 1270 4177 23
1286 4119 1349 4190 non]
1362 4119 1448 4176 nooR
1499 4118 1534 4176 24
1552 4133 1596 4174 eos

465 4205 564 4262 nolano
609 4206 1017 4264 animatore-interimere
1062 4207 1279 4264 menitemw
1321 4205 1356 4261 27
1369 4203 1545 4274 naditelitea
