3994 5044
424 349 488 416 288
813 344 961 404 Caecilii
980 343 1147 416 Cypriani

423 500 467 567 sit
481 501 550 568 uita
564 501 705 580 aeterna,
727 503 957 568 sacramentnm
972 499 1057 568 uitee
1078 517 1194 584 magna
1215 501 1248 564 et
1268 496 1376 564 diuina
1395 496 1552 564 amunta

423 603 588 687 conplexus
613 603 662 668 est
687 601 807 668 dicens:
839 603 932 668 haec
960 604 1020 668 est
1050 603 1179 668 autem
1207 600 1295 666 uita
1326 601 1486 666 aeterna
1510 599 1554 681 ut

424 706 661 792 cognoscant
692 706 732 771 te
764 703 891 770 solum
913 705 952 771 et
973 722 1106 769 uerum
1135 703 1256 768 Deum
1282 705 1321 768 et
1347 719 1459 785 quem
1485 699 1554 767 mi·

423 807 521 875 sisti
542 807 670 872 Iesum
692 805 904 874 Christum.
927 807 1005 874 item
1021 805 1145 872 cumde
1159 803 1554 890 logeetprophetisprae-

423 913 512 994 cepta
526 909 677 993 primast
691 909 811 976 meina
825 911 1014 994 decerperet,
1043 907 1154 988 audi,
1176 907 1294 992 inquit,
1316 906 1460 974 Israel:
1482 906 1554 971 Do-
1576 924 1588 966 a

422 1013 552 1079 minus
572 1014 674 1080 Deus
696 1015 787 1078 tuus
808 1013 995 1080 Dominus
1017 1030 1113 1079 unus
1134 1014 1209 1092 est,
1236 1014 1283 1078 et:
1316 1011 1462 1097 diliges
1482 1009 1555 1074 Do-

423 1115 565 1181 minum
599 1117 718 1182 Deum
748 1118 857 1182 tuum
889 1118 937 1182 de
967 1119 1051 1182 toto
1085 1115 1198 1182 corde
1230 1117 1298 1180 tuo
1326 1117 1365 1179 et
1394 1115 1440 1180 de
1467 1113 1556 1178 tota

423 1219 551 1285 anima
579 1221 647 1284 tua
676 1221 714 1284 et
743 1219 786 1284 de
816 1221 903 1284 tota
931 1219 1083 1287 uirtute
1112 1222 1187 1284 tua.
1209 1219 1279 1284 hoc
1301 1216 1483 1301 primum,
1516 1218 1555 1282 et

423 1320 632 1386 seeundum
654 1319 791 1386 simile
812 1319 919 1386 huic:
941 1320 1090 1405 diliges
1111 1319 1555 1402 proximumtnumtam·

423 1440 535 1502 quam
556 1423 603 1487 te.
637 1420 678 1486 in
699 1421 761 1486 his
783 1420 932 1487 duobus
953 1423 1176 1504 praeceptis
1208 1422 1299 1487 tota
1324 1419 1386 1484 lex
1411 1417 1590 1500 pendete

423 1525 461 1589 et
491 1523 716 1608 prophetae.
750 1523 941 1590 etiterum:
974 1541 1234 1607 quaecumque
1267 1521 1478 1588 uolueritis
1510 1523 1556 1587 ut

422 1625 573 1691 sacient
594 1626 706 1691 uobis
727 1626 910 1692 homines
931 1627 1045 1706 bone,
1074 1627 1133 1692 ita
1160 1628 1197 1692 et
1219 1642 1286 1691 uos
1307 1625 1430 1690 facite
1452 1621 1553 1688 illie.

422 1725 514 1792 haec
535 1729 593 1792 est
615 1728 721 1793 enirn
738 1727 801 1793 lex
822 1732 861 1795 et
883 1729 1108 1813 prophetae.

371 1825 413 1890 tt
464 1827 531 1894 Nec
546 1828 650 1894 uerbis
665 1831 791 1916 tantum
806 1831 861 1896 sed
881 1833 914 1897 et
935 1830 1026 1896 lactis
1053 1830 1137 1896 Deus
1162 1847 1247 1896 orare
1271 1845 1328 1894 nos
1353 1826 1460 1894 onus
1484 1827 1552 1910 ipse

422 1947 511 1995 orans
526 1931 701 2012 frequenter
716 1934 748 1998 et
762 1932 927 2015 deprecans
942 1935 975 1998 et
989 1933 1065 2015 quid
1078 1951 1134 1998 nos
1145 1932 1244 1998 iacere
1255 1931 1410 2014 oporteret
1421 1929 1588 2012 exemplis

422 2032 471 2096 sui
486 2031 711 2099 contestatione
725 2034 955 2112 demonstrans,
970 2034 1053 2100 sicut
1067 2034 1297 2118 scriptumest:
1320 2032 1404 2114 ipse
1425 2034 1554 2097 autem

422 2132 503 2200 luit
535 2134 719 2201 secedens
752 2136 791 2202 in
822 2136 1060 2202 solitudines
1087 2139 1126 2202 et
1152 2135 1332 2214 adstans,
1363 2134 1554 2200 etiterum:

422 2236 547 2303 exiuit
569 2237 607 2302 in
628 2241 794 2304 montem
809 2257 919 2305 orare
941 2239 979 2305 et
1000 2238 1079 2305 luit
1099 2240 1330 2322 pernoctans
1352 2237 1390 2302 in
1411 2235 1555 2302 oratio·

421 2358 504 2403 nem
526 2339 605 2405 Dei.
630 2341 742 2422 quodsi
762 2340 816 2404 ille
831 2340 941 2406 orabet
956 2341 1010 2423 qui
1025 2343 1091 2407 sine
1104 2343 1231 2422 peccato
1245 2343 1328 2418 erat,
1351 2342 1466 2421 quanto
1479 2356 1549 2402 ma-

422 2439 471 2524 gis
492 2442 669 2523 peccatores
690 2442 812 2524 oportet
832 2459 935 2520 orare,
958 2444 990 2508 et
1004 2443 1032 2507 si
1048 2441 1104 2508 ille
1117 2459 1172 2525 per
1186 2443 1284 2508 tetam
1297 2441 1421 2516 nouum
1436 2439 1590 2524 iugiterso

422 2543 558 2624 uigilans
573 2543 728 2609 continuis
742 2543 885 2625 precibus
899 2543 1023 2624 orabat,
1046 2546 1160 2626 quanto
1174 2561 1230 2609 nos
1243 2543 1347 2626 magis
1361 2542 1394 2606 in
1409 2542 1552 2624 frequen·

421 2643 515 2708 tande
528 2643 668 2710 oratione
682 2643 830 2709 debemus
845 2646 935 2710 nocte
950 2643 1099 2728 uigilare!

369 2739 410 2803 3⁰
464 2741 582 2810 Orabat
603 2745 710 2811 cutm
731 2745 886 2811 Dominus
908 2748 940 2812 et
961 2745 1092 2830 rogabat
1112 2763 1173 2812 non
1194 2763 1250 2830 pro
1272 2763 1305 2810 se
1321 2782 1362 2792 -
1377 2744 1453 2830 quid
1467 2745 1551 2810 enim

420 2863 476 2928 pro
498 2865 531 2912 se
552 2847 696 2913 innocens
718 2849 915 2930 precaretur?
931 2885 971 2894 -
987 2850 1042 2914 sed
1055 2866 1111 2932 pro
1127 2847 1250 2914 delictis
1265 2847 1394 2926 nostris,
1417 2847 1499 2914 sicut
1520 2848 1552 2912 et

420 2948 487 3030 ipse
512 2949 651 3015 declarat
676 2968 747 3015 cum
773 2949 851 3016 dicit
874 2952 914 3016 cd
940 2951 1087 3016 Petrum:
1121 2968 1206 3017 ecoe
1233 2951 1389 3016 satanae
1419 2951 1586 3031 postu-ss

420 3049 530 3116 labat
552 3053 593 3116 ut
614 3068 682 3117 uos
704 3054 867 3118 uexaret
888 3053 1076 3135 quomodo
1098 3053 1290 3119 triticum.
1325 3071 1394 3137 ego
1420 3054 1551 3118 autem

422 3154 559 3237 rogaui
580 3170 647 3236 pro
669 3156 724 3234 te,
746 3173 791 3220 ne
812 3154 981 3220 deficiat
1002 3155 1106 3221 fides
1128 3155 1204 3221 tua.
1235 3154 1480 3237 etpostmodum
1495 3172 1550 3236 pro

421 3255 1017 3339 omnibuspatremdepreceturdiceus:
1043 3276 1116 3324 non
1138 3277 1204 3340 pro
1225 3258 1288 3322 his
1309 3257 1438 3322 autem
1460 3275 1551 3341 rogo

421 3356 523 3421 solis
545 3357 609 3423 sed
633 3361 671 3424 et
692 3376 758 3440 pro
780 3359 869 3425 illis
891 3361 956 3441 qui
979 3359 1171 3425 credituri
1193 3361 1286 3425 sunt
1306 3357 1551 3442 peruerbum

523 3544 596 3597 210.
610 3544 653 3612 17,
665 3546 691 3598 3.
760 3545 876 3600 5Marc
891 3546 1030 3614 ozoonq.
1091 3546 1225 3601 susten.
1238 3547 1279 3610 22,
1291 3547 1333 3600 40.
1396 3547 1429 3600 11
1447 3543 1546 3599 Matth.

420 3626 499 3690 212.
546 3629 580 3683 16
592 3628 655 3682 Luc
668 3631 694 3694 5,
707 3630 748 3685 16.
798 3631 831 3684 18
842 3631 904 3685 Luc
917 3633 941 3696 6,
956 3632 997 3686 12.
1044 3631 1080 3686 25
1091 3631 1154 3686 Luc
1166 3632 1208 3696 22,
1221 3633 1263 3685 31.
1309 3630 1549 3698 2810.17,20sq.

471 3781 595 3834 tantm
605 3781 672 3836 We.
686 3783 776 3838 tm
828 3783 944 3838 declam
956 3787 1086 3840 uemmG
1138 3785 1403 3854 6d0minus1dense
1459 3785 1550 3852 Spri·

419 3865 502 3934 reum]
516 3865 686 3935 estprimum
698 3867 884 3925 mandaturus
947 3869 1148 3926 9simileestu
1204 3869 1357 3937 tuumSW,
1369 3870 1422 3925 tibi
1431 3871 1499 3926 tho

421 3948 454 4002 10
471 3950 629 4019 erpino
682 3954 716 4008 12
727 3952 881 4010 uomens
935 3956 969 4009 14
980 3941 1030 4011 uni
1040 3957 1121 4012 woe
1172 3957 1205 4012 15
1216 3957 1301 4012 facere
1312 3972 1387 4012 nese
1444 3959 1550 4026 oportet

423 4035 465 4084 W¹
510 4036 544 4090 16
556 4036 613 4104 ipse
623 4038 952 4095 autern...itern1nom.S
996 4042 1029 4094 17
1041 4040 1241 4098 solitudinemo
1286 4042 1320 4096 18
1332 4041 1450 4098 oratione
1459 4045 1500 4096 Ge

419 4119 455 4174 oo
472 4103 538 4174 offis
553 4123 592 4178 er
641 4121 678 4178 24
694 4125 783 4178 seon
799 4123 847 4177 so
893 4126 1366 4198 sspstunurtweuupeeuuv
1416 4130 1451 4183 ou
1463 4133 1550 4197 proce

419 4207 553 4274 rogauit)
616 4207 651 4262 28
668 4211 774 4277 patrem
789 4209 859 4265 We.
873 4211 890 4265 t
903 4217 969 4266 oea
1020 4217 1115 4283 pcatur
1130 4213 1170 4270 W
1224 4217 1327 4284 patrem
1340 4214 1411 4284 depr.
1425 4215 1547 4286 potoni-

420 4290 508 4347 busS
570 4296 660 4348 autem
673 4295 826 4350 aenum
839 4295 934 4352 Soti
999 4298 1035 4354 29
1052 4299 1126 4369 solis]
1140 4299 1225 4354 solnm
1239 4301 1264 4353 G
