3994 5044
378 338 444 406 290
782 327 931 392 Caecilii
948 329 1109 402 Cypriani

379 495 532 576 quomodo
546 495 650 562 audiri
665 499 698 562 te
713 513 732 561 a
746 493 813 558 Deo
827 487 984 575 postulas,
1006 504 1076 552 oum
1093 490 1124 554 ts
1139 488 1205 570 ipse
1226 506 1288 555 non
1309 490 1441 556 audias?
1465 490 1514 555 uis

379 611 446 660 esse
460 593 630 662 Dominum
645 613 818 664 memorem
830 591 880 658 tui
896 609 968 656 oum
982 606 1090 674 roges,
1113 590 1235 671 quando
1250 591 1299 655 tui
1315 611 1434 658 mernor
1449 593 1515 675 ipse

377 714 439 762 non
453 696 519 764 sis?
541 699 600 766 hoo
614 701 664 768 est
677 701 717 767 ab
731 699 821 764 hoste
835 695 869 762 in
884 695 990 762 totum
1003 711 1064 759 non
1079 710 1203 772 enuere,
1225 693 1285 760 hoo
1305 697 1369 774 est,
1392 696 1514 778 quando

379 816 448 864 oras
463 799 582 882 Deum,
597 803 799 870 maiestatem
813 797 874 866 Dei
889 795 1089 882 neglegentia
1102 795 1251 861 orationis
1266 797 1432 877 offendere,
1456 799 1514 866 hoo

378 901 426 965 est
440 900 574 987 uigilare
588 903 688 970 oeulis
702 902 736 971 ot
750 901 843 970 oorde
857 899 1009 977 dormire,
1042 915 1113 964 oum
1134 897 1245 963 debeat
1270 899 1460 966 christianus
1482 903 1515 966 et
1535 915 1548 954 θ

378 1020 450 1068 oum
464 1001 582 1071 dormit
601 1005 701 1071 ooulie
723 1004 815 1070 eorde
830 1001 980 1085 uigilare,
1005 999 1088 1064 siout
1102 1000 1254 1082 seriptum
1269 1002 1318 1066 ost
1333 1019 1369 1067 er
1385 1020 1514 1086 persona

377 1104 694 1190 eoelesieeloquentis
709 1107 743 1172 in
758 1105 886 1172 Oautieo
901 1103 1092 1169 cantiorum:
1125 1120 1194 1187 ego
1216 1103 1370 1172 dormio
1391 1108 1429 1172 ot
1451 1126 1514 1174 oor

377 1225 502 1274 meum
524 1211 563 1275 ui
569 1212 688 1295 gilot.
711 1209 901 1294 quapropter
916 1207 1050 1272 sollicito
1064 1207 1096 1270 ot
1110 1208 1202 1271 cauto
1224 1207 1383 1290 apostolus
1404 1209 1514 1276 admo-

376 1309 568 1378 uetdioons:
602 1312 762 1379 instato
784 1309 961 1376 orationi
989 1307 1208 1393 uigilantes
1238 1308 1277 1375 in
1306 1326 1366 1389 ea,
1402 1311 1513 1378 doeens

377 1409 498 1478 seilicet
520 1416 553 1480 et
574 1415 738 1480 ostendens
762 1430 814 1478 eos
836 1412 992 1494 inpetrare
1007 1410 1089 1492 quod
1104 1411 1265 1493 postulant
1279 1411 1319 1478 de
1333 1413 1399 1478 Deo
1413 1431 1512 1496 posse,
1523 1436 1549 1476 ro

377 1529 453 1596 quos
468 1514 551 1581 Deus
566 1516 674 1584 uideat
689 1516 722 1582 in
738 1515 877 1582 oratione
893 1513 1034 1598 uigilare.

325 1610 367 1674 82
421 1614 551 1684 Orontes
573 1619 680 1684 autom
702 1633 764 1683 non
785 1615 987 1682 infructuosis
1008 1633 1065 1679 noo
1086 1615 1178 1681 nudis
1199 1616 1342 1698 precibus
1356 1618 1396 1684 ad
1411 1619 1512 1685 Deum

375 1718 511 1784 ueniant.
534 1717 678 1784 inefficax
692 1720 804 1802 petitio
819 1720 881 1794 est,
904 1736 977 1782 oum
996 1718 1139 1798 precatur
1154 1717 1256 1782 Deum
1271 1719 1388 1784 sterilis
1403 1723 1511 1787 oratio.

376 1838 449 1885 narn
464 1837 536 1886 oum
551 1822 653 1888 omnis
668 1821 760 1887 arbor
774 1838 836 1886 non
850 1819 968 1886 leoiens
983 1819 1344 1886 memorareris
1359 1821 1511 1906 inignem

375 1923 536 2002 mittetur,
560 1924 671 2008 utique
692 1928 725 1990 et
739 1943 840 1990 senno
855 1941 916 1989 non
931 1923 1046 1989 habens
1061 1922 1198 1988 fructum
1220 1925 1390 2007 promereri
1410 1925 1511 1992 Deum
1521 1947 1546 1986 re

374 2043 434 2090 non
450 2026 568 2106 potest,
592 2028 666 2107 quia
679 2026 770 2092 nulla
784 2025 960 2108 operatione
975 2023 1126 2090 fecundus
1145 2025 1202 2088 est.
1226 2027 1258 2090 ot
1272 2025 1342 2090 ideo
1358 2027 1511 2108 scriptura

375 2126 482 2192 diuina
507 2127 637 2194 instruit
663 2129 785 2194 dicens:
819 2127 916 2193 bona
937 2129 997 2192 ost
1023 2126 1152 2192 oratio
1180 2144 1264 2192 oum
1292 2128 1443 2194 ieiunio
1471 2131 1510 2197 ot

374 2227 640 2313 eleemosyna.
662 2248 737 2295 nam
753 2230 807 2312 qui
823 2229 856 2294 in
870 2228 922 2292 die
937 2228 1045 2293 indicii
1061 2228 1234 2310 praemium
1250 2247 1306 2310 pro
1321 2231 1463 2312 operibus
1479 2234 1510 2297 et

373 2330 575 2414 eleemosynis
586 2329 766 2396 redditurus
778 2332 826 2397 ost
837 2330 929 2396 hodie
941 2348 1062 2412 quoque
1073 2329 1113 2394 ad
1128 2330 1299 2394 orationem
1315 2349 1387 2397 cunr
1401 2349 1510 2415 opera·

372 2430 455 2495 tione
477 2430 615 2496 uenienti
637 2431 792 2515 benignus
814 2431 940 2496 auditor
962 2434 1018 2495 est.
1043 2430 1087 2495 sie
1110 2431 1241 2513 deniquo
1256 2430 1415 2498 cornelius
1437 2453 1541 2500 oen-ro

372 2531 455 2596 turio
470 2549 541 2597 oum
556 2534 672 2611 oraret,
695 2533 813 2598 meruit
826 2532 940 2598 audiri.
963 2533 1025 2597 fuit
1039 2532 1153 2598 faciens
1167 2531 1285 2622 multas
1300 2532 1509 2620 eleemosynas

372 2632 405 2697 in
420 2633 541 2714 plebem
557 2635 589 2699 et
603 2653 725 2718 semper
736 2653 827 2702 orans
837 2636 950 2701 Deum.
973 2635 1047 2700 huio
1061 2634 1142 2699 eirea
1156 2635 1264 2700 horam
1279 2654 1392 2702 nonum
1408 2639 1510 2704 oranti

372 2734 499 2800 adstitit
513 2737 644 2822 angelus
659 2737 881 2804 testimoninm
896 2737 1028 2804 reddens
1043 2737 1093 2802 sui
1108 2736 1209 2819 operis
1223 2738 1255 2802 et
1279 2737 1401 2804 dicens:
1424 2737 1511 2806 Gor·

371 2835 465 2915 nali,
496 2839 696 2906 orationes
730 2841 821 2906 tuae
854 2841 891 2905 et
925 2841 1195 2922 eleemosynas
1217 2841 1308 2904 tuae
1330 2842 1509 2908 ascende·

370 2939 461 3002 runt
482 2941 527 3004 ad
550 2943 775 3008 memoriani
797 2960 925 3008 eoram
949 2943 1035 3007 Deo.
1516 2972 1542 3014 rs

318 3039 359 3103 33
413 3039 483 3105 Cito
499 3043 653 3108 orationes
668 3044 708 3110 ad
723 3044 826 3109 Deum
840 3043 1012 3109 ascendunt
1027 3063 1103 3128 quas
1114 3045 1154 3110 ad
1166 3045 1268 3110 Deum
1281 3047 1394 3112 marita
1408 3048 1507 3114 nostri

370 3142 470 3222 operis
485 3143 646 3227 inponunt.
671 3146 717 3212 sio
739 3147 772 3211 et
786 3146 927 3228 Raphael
941 3146 1069 3231 angelus
1084 3147 1199 3212 Tobiae
1221 3149 1323 3213 oranti
1338 3167 1461 3232 semper
1474 3153 1507 3215 et

470 3325 655 3390 lent.5‚2.
727 3329 896 3398 ocolus.
970 3330 1002 3384 17
1020 3329 1083 3385 uos.
1098 3333 1139 3394 12,
1152 3333 1176 3386 8.
1247 3333 1282 3386 23
1301 3333 1446 3400 Aet.10,4
1463 3351 1506 3406 sq.

420 3491 585 3548 leudirote
599 3495 649 3561 W,
668 3499 697 3550 to
710 3497 827 3552 auditio
888 3499 1030 3556 idenme
1086 3500 1187 3556 durnS
1236 3503 1268 3555 tu
1281 3499 1337 3571 ipso
1350 3502 1505 3558 tuimemor

371 3577 752 3646 WG,ruipeemem0rtuie
805 3584 1206 3654 sirmondianam
1258 3569 1384 3642 oriris
1431 3589 1504 3643 sue-

366 3661 460 3716 beesS
502 3662 657 3718 ieoolesiae
666 3667 753 3721 orn.G
792 3667 937 3722 euntioaO
983 3669 1017 3723 10
1028 3653 1122 3726 dffiS
1165 3670 1374 3727 lldenrom.S
1417 3673 1450 3726 12
1462 3671 1503 3727 in-

366 3745 551 3802 lrautuosusS
599 3734 695 3806 domo*
752 3753 784 3806 13
796 3737 860 3807 doni
870 3752 894 3807 S
943 3755 1096 3812 sterelisW
1140 3757 1174 3811 14
1186 3757 1304 3812 fructum
1316 3757 1413 3813 bonnm
1427 3759 1454 3814 G

366 3830 463 3898 ignoS
512 3833 546 3886 15
563 3836 660 3890 mereri
678 3819 745 3891 drffi
754 3837 778 3892 S
840 3837 873 3892 16
891 3839 1062 3910 quialquiS
1111 3845 1153 3896 eet
1168 3859 1239 3912 opor.
1253 3844 1347 3899 soemo
1411 3845 1444 3898 17
1462 3844 1503 3900 in·

365 3917 489 3970 struite·-
501 3917 528 3972 G
538 3919 575 3986 (rt
586 3921 697 3986 inrue.)
751 3921 784 3975 18
796 3923 1017 3993 elemosymaw
1029 3925 1080 3980 etl.
1088 3931 1130 3990 19,
1140 3930 1178 3982 21
1229 3927 1265 3982 20
1276 3927 1406 3984 oordelius
1419 3929 1453 3985 S'

365 3999 399 4052 er
417 4000 553 4056 fuitenim
568 4004 609 4059 ve
671 4007 707 4060 en
724 4007 801 4077 praee
810 4008 879 4064 rur
940 3993 1037 4066 otiis
1103 4011 1137 4066 23
1154 4011 1370 4069 medensem
1444 4017 1500 4070 sua

365 4085 557 4228 {lelluslzo
592 4089 733 4162 etdioens]
747 4092 896 4150 edioensO
956 4079 1099 4152 reddes
1147 4099 1261 4168 qnaeW
1326 4081 1452 4156 ἀοῖδθ

411 4186 484 4225 raao
