4234 5046
855 331 993 387 Testim.
1012 333 1036 396 1,
1054 328 1158 391 8-12.
1538 336 1582 400 47

434 485 557 571 neglexi
580 503 647 565 eos,
671 487 751 554 elicit
766 487 931 554 Dominus.
955 487 1029 570 quie
1043 489 1101 554 hoe
1115 489 1355 568 testamentum,
1379 489 1462 574 quod
1477 489 1584 573 diepo-

434 606 507 653 nem
523 588 631 654 domui
646 589 744 655 Israel
759 593 832 674 post
846 590 914 656 dies
929 591 1017 670 illos,
1032 592 1111 657 dieit
1125 592 1287 658 Dominus.
1304 594 1382 658 dens
1396 594 1482 678 leges
1497 612 1584 660 moes

435 689 468 756 iu
482 709 609 756 sensum
623 691 752 758 illorum
767 693 904 758 seribum
919 693 992 759 illes
1007 693 1101 759 etere
1113 694 1354 773 insinuem,
1369 695 1402 761 et
1415 695 1477 779 ipsi
1492 697 1582 763 erunt

435 792 515 858 mihi
536 793 568 858 in
591 793 730 875 plebem,
753 795 786 860 et
806 813 869 861 non
883 795 1039 862 docebunt
1053 796 1265 879 unusquisque
1279 797 1409 864 fratrem
1424 817 1519 864 suum
1532 797 1583 862 di-

412 895 553 962 ooontee:
569 894 695 962 dinosco
709 896 898 978 Dominum,
915 896 990 983 quie
1003 911 1110 964 ornnes
1124 897 1224 965 soient
1237 917 1289 964 me
1303 919 1322 965 e
1336 899 1470 966 minimo
1484 919 1583 983 usque

435 996 474 1062 nd
488 997 662 1064 maximum
684 1015 808 1078 eorum,
832 1000 907 1082 quie
927 999 1082 1084 propitius
1104 1017 1155 1066 ero
1177 999 1399 1083 iniquitatibus
1421 1018 1529 1068 eorum
1552 1003 1585 1069 et

435 1100 630 1183 peooetorum
644 1119 752 1168 oerum
766 1121 828 1168 non
843 1121 895 1168 oro
910 1119 1030 1168 memor
1044 1097 1203 1190 emplius}

480 1309 581 1391 QVOD
603 1329 779 1380 emisere
802 1331 915 1381 VETVS
938 1331 1111 1381 cessetur
1133 1333 1179 1382 ET
1193 1333 1318 1382 NOVVH
1333 1331 1532 1382 meruimus.

481 1449 597 1532 Apud
617 1449 777 1516 Esaiam
798 1451 1048 1533 prophetem:
1087 1450 1195 1516 Nolite
1226 1450 1330 1533 priore
1350 1450 1531 1516 meminisse
1553 1444 1636 1515 etl2

403 1552 568 1635 ruuntque
588 1547 686 1618 nolito
708 1553 862 1635 reputare.
887 1570 957 1618 eooe
971 1551 1051 1618 isoio
1066 1570 1163 1630 noue,
1186 1571 1264 1636 quae
1278 1571 1361 1618 nune
1375 1552 1530 1630 orientur,
1554 1554 1587 1618 et

439 1653 643 1738 ungnentis,
667 1654 830 1719 etfaciam
853 1654 885 1719 in
909 1654 1031 1719 deserto
1053 1654 1142 1719 niem
1163 1657 1196 1719 et
1217 1653 1349 1719 flumine
1370 1654 1404 1720 in
1425 1653 1493 1719 loeo
1514 1654 1585 1720 iue-

440 1772 550 1838 quoso,
572 1755 726 1839 meqnere
740 1773 840 1840 genus
854 1773 962 1821 meum
977 1756 1121 1833 electum,
1144 1755 1268 1837 plebem
1282 1773 1387 1821 meum
1408 1773 1504 1838 quem
1529 1755 1586 1821 ed·

440 1857 571 1940 quisini,
594 1857 632 1922 ut
646 1858 782 1924 uirtutes
796 1875 884 1924 moes
907 1857 1080 1940 exponeret.
1104 1856 1205 1922 Item
1227 1856 1329 1941 opud
1352 1857 1528 1923 eundem:
1552 1856 1587 1923 Si

441 1959 579 2025 sitierint
592 1977 646 2042 per
661 1960 800 2038 deserte,
816 1958 952 2025 edduoet
966 1959 1032 2024 illis
1046 1977 1174 2041 equum,
1190 1961 1229 2026 do
1242 1961 1332 2040 petre
1344 1959 1494 2042 produoet
1507 1959 1585 2039 illis,

405 2059 575 2129 nefindetur
588 2062 678 2144 petre
698 2063 731 2127 et
753 2059 832 2126 fluet
857 2079 939 2143 uque
952 2061 985 2126 et
999 2061 1087 2126 bibet
1101 2060 1191 2144 plebs
1204 2079 1284 2126 mee.
1307 2060 1406 2126 Item
1420 2060 1459 2126 in
1475 2080 1587 2128 euen-

441 2163 541 2247 gelio
557 2162 763 2229 seeundum
780 2163 1020 2228 Matthaeum
1034 2162 1226 2228 Iohannes
1241 2162 1353 2228 dicit:
1376 2163 1445 2248 Ego
1460 2163 1588 2246 quidem

441 2283 496 2332 uos
510 2265 636 2350 baptizo
651 2266 685 2330 in
699 2283 781 2348 eque
795 2265 829 2330 in
844 2265 1081 2348 paenitentiam.
1105 2265 1160 2347 qui
1175 2263 1263 2330 uenit
1277 2265 1393 2344 eutem,
1410 2263 1523 2330 fortior
1537 2285 1589 2332 me

439 2367 500 2445 eet,
524 2368 613 2433 ouius
627 2385 689 2433 non
709 2384 781 2433 eum
797 2367 912 2452 dignus
935 2365 1139 2434 ooleiemente
1160 2369 1293 2448 porteto.
1315 2365 1383 2447 ipse
1404 2383 1460 2432 uos
1482 2366 1588 2449 bapti·

443 2469 527 2534 uebit
547 2469 581 2536 in
595 2467 717 2552 Spiritu
732 2472 841 2536 eeuote
858 2471 891 2535 et
905 2470 981 2555 igni.
1011 2470 1111 2534 Item
1133 2468 1341 2535 seeundum
1363 2468 1588 2554 lehunnem:

406 2571 511 2638 „Nisi
526 2572 597 2654 quis
612 2573 740 2638 renatus
755 2572 853 2638 fuerit
867 2592 905 2638 er
920 2591 1001 2655 uque
1016 2575 1049 2638 et
1063 2572 1192 2653 spiritu,
1214 2588 1276 2637 non
1290 2571 1394 2654 potest
1408 2571 1539 2638 introire
1553 2573 1586 2639 iu

440 2693 572 2758 reguum
586 2673 655 2739 Dei.
680 2674 763 2756 quod
778 2675 863 2739 enim
877 2675 989 2740 netum
1012 2674 1060 2739 est
1082 2672 1121 2740 de
1142 2691 1247 2750 oeme,
1271 2689 1340 2738 euro
1363 2673 1427 2751 est,
1451 2675 1484 2738 et
1505 2675 1589 2756 quod

439 2776 550 2841 nutum
564 2775 665 2889 est-de
680 2776 812 2859 spiritu,
836 2776 967 2859 spiritus
982 2776 1041 2842 est.

441 3055 506 3116 35
542 2967 800 3040 semelen.
874 2968 1104 3034 letemur.
1172 2966 1436 3032 semensas
1490 2967 1588 3026 2010.

460 3095 468 3120 2
524 3071 563 3125 flq·

493 3235 512 3291 9
530 3234 690 3305 prophetem
702 3250 753 3290 om.
769 3234 880 3291 LMBu
962 3233 1125 3302 uoliteorgo
1143 3233 1196 3289 Me
1270 3233 1308 3291 10
1324 3231 1539 3288 omnienoueB

443 3320 480 3377 12
498 3319 636 3390 adquisibi
652 3321 681 3374 A
745 3319 783 3378 13
802 3322 846 3391 ut]
858 3319 928 3375 etB
992 3318 1029 3376 14
1046 3318 1181 3373 desertum
1198 3320 1227 3374 B
1287 3317 1424 3373 adenem
1445 3319 1473 3373 V
1531 3317 1590 3373 illie

440 3404 561 3462 Anne
566 3405 601 3470 V,
620 3405 684 3460 illoe
702 3423 732 3472 o;
750 3406 803 3474 cfr.
817 3407 897 3476 epist.
911 3407 949 3460 63
961 3420 1021 3474 cop.
1034 3407 1054 3460 8
1106 3403 1131 3457 ei
1142 3401 1280 3472 sitierint,
1293 3419 1342 3474 per
1353 3403 1461 3459 deserte
1473 3401 1589 3459 edduoet

440 3490 511 3556 illos,
529 3507 627 3562 uquam
645 3493 689 3546 ito
700 3491 889 3563 aeonem
959 3489 1087 3562 producet
1106 3488 1165 3558 illie
1185 3503 1236 3544 om.
1255 3489 1333 3554 ΜΒ,
1352 3487 1514 3559 producetur
1527 3489 1589 3557 (om.

441 3575 510 3646 illie)
534 3577 562 3631 V
646 3577 684 3637 15
702 3577 778 3648 rupis
800 3580 889 3650 (rupee
902 3579 962 3648 w)
982 3577 1100 3632 findetur
1117 3576 1154 3630 M
1243 3575 1310 3630 fluet
1328 3589 1363 3630 ex
1380 3573 1485 3630 fluente
1502 3575 1539 3629 M

440 3671 612 3740 enipeum
629 3672 686 3727 nr.
726 3655 824 3742 sein,
843 3674 906 3727 esu
923 3671 1033 3727 nurus
1126 3669 1163 3728 re
1182 3669 1308 3724 uisum
1325 3667 1411 3723 eun
1504 3665 1542 3724 17
1561 3666 1591 3722 in

442 3755 519 3826 (nere
530 3759 611 3828 eque)
630 3775 680 3814 om.
694 3759 723 3812 A
794 3760 887 3812 suurn
904 3756 1067 3821 ALMBV,
1086 3759 1177 3811 eutem
1194 3758 1259 3827 post
1276 3771 1354 3810 meo
1420 3753 1460 3812 18
1478 3752 1590 3824 diguus]

442 3842 553 3900 idoneus
570 3843 615 3899 Le
684 3843 871 3899 oeloeemente
887 3842 980 3898 IMR
1058 3841 1182 3912 baptizet
1200 3840 1264 3897 ΒΜ
1333 3838 1368 3897 19
1388 3839 1418 3894 iu
1437 3854 1488 3895 om.
1509 3837 1538 3893 Β

441 3937 635 3992 meeum
706 3935 939 4007 momente
1005 3920 1301 3999 sermonum
1353 3933 1542 3988 rennuens

441 4022 1007 4092 20reuetueA(ef.teet.11125),netus
1025 4021 1117 4077 IMR
1187 4018 1230 4089 ex]
1253 4021 1282 4074 ot
1299 4019 1327 4074 A
1381 4019 1419 4076 21
1438 4021 1535 4074 notum
1554 4036 1590 4076 ex

442 4109 563 4165 nemer,
