3936 5032
539 1199 619 1295 Di]
660 1199 983 1296 nerrlnlen
1023 1195 1360 1296 esuriens.

422 1467 628 1590 Euangeliea
653 1507 833 1590 praecepta,
857 1487 970 1572 fratres
991 1505 1208 1583 dilectissimi,
1231 1504 1312 1569 nihil
1338 1507 1413 1569 sunt
1438 1502 1551 1568 aliud!

379 1631 474 1694 qurum
495 1609 679 1694 magisteria
703 1609 826 1686 diuina,
849 1608 1052 1673 furndamenta
1077 1606 1286 1672 aedificandae
1312 1607 1395 1688 spei,
1418 1605 1524 1670 firma-

379 1715 487 1778 menta
502 1710 750 1776 eouroboraudae
765 1710 853 1786 fidei,
876 1711 1071 1776 nutrimenta
1086 1708 1212 1774 fouendi
1229 1707 1348 1784 eur-dis,
1370 1707 1524 1791 guberna

359 1816 453 1880 scula
464 1812 621 1898 dirigendi
633 1812 765 1890 itineris,
782 1812 937 1895 praesidia
948 1810 1133 1894 obtinendae
1148 1809 1271 1887 salutis,
1288 1827 1366 1891 quae
1382 1809 1457 1873 dum
1470 1808 1525 1872 de·

381 1918 491 1984 eibiles
514 1915 710 1982 credentium
725 1915 845 1980 mentes
859 1914 892 1978 in
907 1913 1000 1978 terris
1014 1913 1191 1990 instruunt,
1214 1911 1255 1976 ad
1271 1909 1417 1976 caelestia
1430 1927 1526 1994 regna

382 2019 564 2102 perducunt.
587 2017 692 2082 multa
714 2017 746 2081 et
767 2035 823 2098 per
844 2014 1009 2096 prophetas
1032 2032 1136 2080 seruos
1158 2031 1231 2078 suos
1247 2013 1308 2077 diei
1324 2014 1409 2077 Deus
1424 2011 1526 2076 uoluit

382 2122 414 2184 et
429 2120 548 2185 audiri:
571 2119 627 2184 sed
642 2119 757 2201 quante
773 2118 891 2182 maiora
906 2119 980 2182 suut
995 2136 1074 2198 quae
1091 2116 1176 2181 tilius
1191 2115 1349 2198 loquitur,
1376 2133 1455 2195 quae
1465 2115 1528 2200 Dei

382 2239 483 2286 sermo
506 2220 561 2304 qui
583 2221 617 2286 iu
638 2219 799 2303 prophetis
822 2219 884 2285 tuit
898 2219 1024 2302 propria
1038 2236 1114 2283 neue
1131 2221 1267 2283 testatur
1281 2235 1342 2282 neu
1358 2217 1422 2282 iam
1436 2235 1526 2280 man-

339 2343 364 2380 10
383 2323 459 2388 dans
485 2324 522 2387 ut
543 2323 670 2403 paretur
684 2321 822 2388 uenienti
837 2323 890 2386 uia
904 2321 959 2386 sed
975 2321 1041 2403 ipse
1056 2321 1183 2386 ueniens
1200 2323 1232 2385 et
1247 2320 1334 2384 uiam
1349 2319 1437 2384 nobis
1452 2337 1527 2401 ape-

383 2424 465 2489 riens
487 2426 520 2489 et
542 2423 723 2502 ostendeus,
746 2425 783 2486 ut
805 2423 858 2506 qui
881 2422 914 2486 iu
936 2422 1073 2487 tenebris
1089 2422 1201 2487 mortis
1216 2423 1353 2486 errantes
1369 2421 1526 2503 inprouidi

383 2529 415 2590 et
430 2525 515 2591 caeci
530 2525 617 2609 prius
637 2523 756 2590 fuimus
779 2525 848 2590 luee
874 2525 994 2609 gratiae
1018 2523 1168 2589 luminati
1194 2523 1256 2588 iter
1282 2523 1366 2588 uitae
1393 2523 1470 2588 duee
1496 2525 1529 2588 et

289 2645 296 2656 ··
316 2641 320 2650 ·
382 2629 500 2692 rectore
514 2627 650 2693 Domine
665 2629 850 2693 teneremus.

426 2727 488 2808 Qui
510 2729 593 2794 iuter
608 2730 710 2795 cetera
730 2730 882 2795 salutaria
897 2748 954 2794 sua
969 2730 1091 2794 monita
1106 2731 1139 2795 et
1152 2731 1320 2812 praecepta
1334 2729 1442 2793 diuina
1457 2728 1557 2809 qui-t

347 2831 442 2896 rebus
466 2831 580 2912 populo
607 2848 662 2896 suo
689 2833 822 2897 eeusuiit
849 2832 888 2898 ad
916 2833 1051 2898 salntem
1078 2833 1176 2898 etiam
1191 2831 1299 2897 orandi
1314 2833 1381 2914 ipse
1395 2829 1528 2896 sormam

383 2931 480 3009 dedit,
508 2932 575 3013 ipse
590 2935 666 3014 quid
681 2953 877 3017 precaremur
891 2935 1016 3000 monuit
1031 2937 1064 2999 et
1079 2935 1239 3000 instruxit.
1264 2933 1318 3016 qui
1333 2932 1409 2998 feeit
1423 2934 1530 2998 uiuere

383 3033 490 3102 decuit
505 3035 537 3100 et
552 3052 650 3114 erare,
675 3035 870 3121 benignitate
892 3055 927 3103 ea
948 3036 1069 3103 scilieet
1080 3054 1143 3120 qua
1156 3038 1189 3102 et
1205 3037 1308 3101 cetera
1323 3034 1395 3100 dare
1409 3037 1442 3100 et
1456 3055 1529 3102 eon-

383 3139 462 3203 ierre
485 3141 634 3223 dignatus
656 3141 721 3218 est,
744 3142 782 3204 ut
797 3139 873 3204 dum
887 3158 978 3222 preee
993 3140 1025 3205 et
1040 3140 1177 3205 eratione
1194 3158 1289 3221 quam
1316 3139 1401 3204 filius
1425 3139 1531 3204 docuit

383 3244 459 3323 aput
482 3245 604 3326 patrem
626 3243 799 3326 loquimur,
832 3244 955 3310 facilius
979 3244 1155 3310 audiamur.
1185 3245 1250 3309 iam
1266 3243 1460 3326 praedixerat
1473 3242 1531 3307 ho·

349 3362 375 3403 re
385 3362 451 3408 ram
468 3344 593 3422 uenire,
616 3346 740 3426 quando
756 3347 823 3412 ueri
839 3347 1017 3412 adoratores
1033 3346 1200 3411 adorarent
1214 3347 1337 3429 patrem
1359 3346 1391 3410 iu
1414 3345 1528 3428 spiritu

385 3447 418 3510 et
439 3446 591 3526 ueritate,
615 3450 648 3513 et
671 3448 805 3529 inplenit
826 3449 908 3531 quod
931 3451 1004 3513 aute
1026 3449 1190 3530 premisit,
1215 3449 1252 3511 ut
1266 3447 1320 3528 qni
1336 3446 1484 3528 spiritum
1499 3447 1532 3509 et

387 3547 553 3614 ueritatem
575 3551 614 3614 de
636 3550 703 3614 eius
718 3551 964 3617 sanctificatione
986 3551 1182 3633 percepimus
1205 3549 1243 3614 de
1270 3549 1437 3615 traditione
1455 3566 1532 3630 que-

438 3785 550 3841 lrcrrrr
564 3801 601 3840 nu
615 3801 755 3842 uournrcr
770 3789 1102 3854 enarronu:W,1ucrr1r
1117 3805 1202 3845 urnun
1213 3775 1257 3843 sc'r
1275 3803 1412 3843 crrnrnur
1430 3774 1477 3842 nur
1497 3803 1533 3842 un

386 3885 532 3926 orrurnous
550 3887 694 3928 nonrnren
711 3873 736 3928 G
741 3895 751 3941 ‚·
770 3876 950 3945 denuntians
968 3875 1095 3931 dertona
1110 3892 1220 3945 persen.
1240 3893 1262 3931 c.
1275 3880 1301 3942 3,
1314 3879 1347 3928 4.·
1367 3874 1463 3944 tegite.
1474 3913 1480 3924 .
1492 3875 1533 3930 .iu

386 3955 596 4027 benticypriani
606 3959 736 4028 martyris
745 3959 828 4015 libre.
839 4002 846 4014 .
857 3961 946 4015 nnius
957 3963 1000 4016 est
1009 3962 1109 4016 titulus
1122 3961 1159 4016 de
1178 3961 1350 4016 dominica
1367 3959 1532 4015 oratioue„

386 4041 496 4096 :inituri
509 4045 602 4098 sunta
666 4044 830 4100 bdoeibiles
846 4047 878 4110 G,
892 4046 991 4102 dociles
1004 4048 1059 4104 Wu
1131 4049 1195 4102 eiu
1208 4048 1289 4102 terris
1303 4047 1482 4103 Veienti

386 4126 655 4194 transvadasse
706 4131 1006 4186 arnsteinensem
1059 4147 1139 4202 quarn
1150 4133 1321 4201 deieaquae
1330 4131 1373 4186 dei
1387 4131 1484 4187 GM

388 4213 420 4267 14
433 4217 523 4268 cetera
534 4229 584 4268 mur.
601 4213 638 4268 θ’
693 4216 726 4270 15
738 4216 902 4274 consuluitu
955 4217 1222 4288 etiamWe.l.m.2
1273 4217 1306 4270 21
1319 4217 1418 4286 spiritu
1428 4219 1456 4272 et
1465 4219 1535 4271 ueri·

387 4303 446 4353 tate
456 4299 496 4355 W
546 4301 582 4354 22
599 4288 818 4358 „suificationem
833 4306 872 4373 (ι’,
892 4303 1080 4360 satisfactione
1096 4305 1186 4362 Onon.
