3936 5032
435 337 500 402 218
850 337 998 396 Caecilii
1015 337 1180 408 Cypriani

433 509 510 556 num
536 489 637 555 rabies
662 491 694 555 ct
719 507 872 558 uenenum
898 489 990 558 letale
1016 493 1194 574 serpentum
1220 491 1253 556 et
1282 491 1409 556 omenta
1438 491 1572 557 saeuitia

432 591 627 658 bestiarum?
649 591 871 678 gratulandum
886 593 949 672 est,
971 611 1044 660 cum
1066 591 1147 659 tales
1171 592 1210 659 de
1231 591 1361 660 ecelesia
1374 595 1568 676 separantur,

431 713 471 760 ue
485 693 664 777 columbas,
686 712 726 762 ue
740 713 814 761 oues
829 692 947 762 Obneti
962 712 1057 761 saeua
1078 713 1136 760 sua
1157 694 1190 760 ot
1212 697 1365 761 uenenata
1385 694 1568 780 contagione

430 795 628 881 praedentur.
650 797 811 866 cohaerere
825 799 858 864 st
872 796 1017 882 coniungi
1030 798 1208 881 nonpotest
1221 795 1398 864 amaritudo
1410 814 1483 864 cum
1495 797 1566 864 dui·

430 899 551 978 codine.
573 899 675 986 caligo
697 919 770 967 cum
790 899 925 978 lumine,
947 899 1057 982 pluuia
1078 898 1351 978 conserentes,
1373 917 1479 984 pugna
1493 917 1565 965 oum
1587 913 1600 954 ⁵

427 1019 520 1086 pace,
543 1019 616 1068 cum
641 1001 832 1070 iocunditate
857 1001 1023 1082 sterilitas,
1055 1020 1127 1068 cum
1154 1001 1294 1069 lontibus
1318 1001 1459 1081 siccitas,
1492 1020 1564 1068 cum

427 1105 658 1186 tranquillitate
672 1106 852 1189 tempestas.
876 1123 966 1172 nemo
981 1105 1141 1172 existimet
1154 1105 1251 1170 bonos
1272 1105 1311 1172 dc
1331 1105 1461 1174 ecclesia
1474 1123 1563 1190 posse

427 1204 598 1272 discedere:
621 1205 765 1272 triticum
785 1224 846 1272 non
868 1207 952 1290 rapit
973 1210 1086 1274 uentus
1108 1225 1165 1274 uec
1186 1208 1328 1274 arborem
1344 1208 1443 1274 solida
1459 1208 1561 1275 radice

425 1305 590 1373 fundatam
605 1307 740 1391 procella
753 1308 927 1374 subuertit:
949 1308 1057 1376 inanes
1070 1309 1178 1392 paleae
1193 1309 1381 1394 tempestato
1395 1309 1560 1387 iactantur,

424 1407 583 1474 inualidae
595 1408 721 1476 arbores
735 1409 870 1476 turbinis
884 1409 1057 1486 incursione
1072 1411 1249 1476 uertuntur.
1271 1411 1328 1476 hos
1348 1407 1508 1478 execratur
1528 1411 1560 1476 et
1570 1435 1596 1478 ro

422 1512 559 1594 percutit
580 1511 731 1578 Iohannes
751 1514 908 1597 apostolus
930 1513 1049 1580 diceus:
1074 1532 1115 1579 ex
1137 1513 1250 1580 nobis
1272 1515 1470 1594 exierunt,
1492 1514 1560 1580 sod

421 1631 494 1679 uon
518 1611 690 1690 {fuerunt
723 1631 766 1680 ex
798 1615 920 1682 nobis.
956 1615 989 1680 si
1022 1615 1124 1682 euim
1158 1614 1332 1682 fuissent
1363 1635 1404 1682 ex
1432 1615 1557 1696 nobis,

420 1714 659 1781 mansissent
679 1716 895 1782 nobiscum.

372 1809 411 1873 10
462 1815 546 1882 Hinc
559 1817 699 1884 haereses
713 1819 747 1884 et
760 1817 861 1885 iactae
875 1819 949 1885 sunt
962 1817 1139 1902 frequenter
1153 1809 1184 1885 et
1198 1817 1295 1899 bont,
1320 1819 1396 1886 dum
1407 1838 1552 1903 peruersa

418 1938 507 1986 mens
527 1939 589 1986 uon
610 1919 706 1987 babet
725 1939 852 2004 pacem,
874 1922 951 1988 dum
971 1920 1101 2005 perfidia
1115 1921 1294 1990 discordans
1308 1939 1370 1988 non
1384 1924 1470 1990 tenet
1483 1923 1589 1989 uui-ra

417 2021 528 2086 tatem
550 2019 618 2087 fieri
633 2038 706 2088 uero
720 2019 798 2088 haec
811 2021 963 2089 Dominus
979 2021 1138 2107 permittit
1152 2023 1184 2087 ot
1195 2023 1316 2107 patitur
1326 2025 1472 2092 manente
1482 2041 1554 2107 pro·

416 2122 503 2206 prise
517 2120 674 2188 libertatis
688 2122 835 2204 arbitrio,
857 2125 894 2190 ut
909 2125 985 2190 dum
1000 2123 1094 2189 corda
1119 2125 1151 2190 et
1175 2125 1296 2189 mentes
1323 2125 1445 2190 nostres
1469 2125 1554 2190 ueri·

414 2222 492 2290 tatis
518 2222 686 2290 discrimen
712 2225 882 2306 examinet,
911 2225 1111 2308 probatorum
1136 2223 1212 2290 fides
1238 2223 1361 2310 integra
1385 2225 1552 2292 manifesta

413 2325 483 2390 luce
497 2325 656 2390 clarescat.
680 2343 735 2407 per
749 2326 923 2408 apostolum
936 2327 1114 2411 praemonet
1128 2324 1265 2410 Spiritus
1277 2329 1402 2394 sanctus
1414 2329 1446 2392 et
1457 2327 1551 2395 dicit:

413 2426 573 2509 oportet
594 2426 632 2490 et
651 2425 831 2494 haereses
854 2445 953 2508 esso,
990 2429 1033 2493 ut
1054 2426 1218 2510 probati
1239 2428 1443 2495 manifesti
1470 2429 1588 2494 sintae

412 2526 452 2591 in
473 2526 597 2592 uobis.
621 2529 667 2593 sic
688 2529 860 2610 probantur
880 2528 1005 2607 fideles,
1027 2529 1073 2593 sic
1093 2527 1204 2611 perfidi
1226 2527 1428 2614 detegorntur,
1451 2531 1497 2596 sic
1518 2533 1551 2597 et

412 2629 485 2694 ente
498 2627 608 2694 iudicii
634 2629 718 2695 mem
743 2629 796 2697 bic
820 2648 940 2714 quoque
965 2629 1031 2697 iam
1054 2630 1211 2696 iustorum
1236 2630 1336 2715 adque
1362 2630 1551 2700 iniustorum

411 2727 534 2794 enimse
557 2729 741 2796 diuiduntur
763 2733 796 2797 et
817 2730 1013 2798 atramento
1035 2732 1142 2816 paleae
1168 2735 1360 2816 separantur.
1383 2733 1457 2800 hino
1477 2736 1551 2802 sunt

410 2830 465 2913 qui
490 2847 523 2896 se
549 2831 632 2897 ultro
657 2834 734 2914 aput
759 2831 940 2898 temerarios
967 2851 1119 2900 conuenae
1140 2833 1206 2900 sine
1223 2832 1332 2901 diuina
1346 2833 1549 2920 dispositione

408 2930 610 3016 praeficiunt,
633 2932 687 3017 qui
702 2951 736 3000 se
749 2935 939 3017 praepositos
959 2935 1026 3001 sine
1047 2935 1116 3001 ulla
1129 2936 1333 3003 ordinationis
1347 2936 1417 3022 lege
1431 2937 1583 3004 consti-ro

409 3033 524 3114 tuuut,
548 3035 603 3118 qui
618 3035 746 3101 nemine
760 3036 971 3119 episcopatum
986 3037 1080 3102 dante
1095 3036 1232 3121 episcopi
1247 3037 1309 3104 sibi
1323 3054 1434 3104 nomen
1453 3037 1547 3105 adsu-

407 3137 516 3201 munt:
540 3153 618 3219 quos
631 3137 777 3222 designat
792 3137 825 3202 iu
840 3137 971 3221 psalmis
986 3137 1122 3222 Spiritus
1137 3140 1262 3205 sanctus
1277 3138 1417 3206 sedentes
1437 3138 1470 3204 in
1491 3156 1546 3222 pe·

511 3321 545 3375 11
563 3321 631 3376 110.
643 3321 669 3388 2,
683 3321 725 3376 19.
779 3321 815 3378 20
831 3323 847 3378 1
859 3321 919 3378 Cor.
933 3325 1031 3388 11.1s.

457 3490 683 3547 lrabiescansm
700 3491 728 3547 θ
773 3493 1110 3551 rabiesetueneuumooa
1123 3493 1152 3551 R
1206 3494 1348 3552 deusest
1361 3497 1398 3552 Μ
1442 3497 1546 3553 ‘texti-

402 3573 500 3632 metlt
584 3576 680 3632 scum
691 3577 1128 3649 rapitws,nonrop.ror.oaa
1208 3579 1408 3638 daubusrtiR
1475 3584 1542 3638 tem

402 3659 563 3729 postatesli
642 3659 678 3718 1o
694 3663 724 3718 ct
742 3661 880 3718 iuuabdse
899 3664 926 3720 V
1008 3664 1132 3722 turbines
1149 3665 1177 3722 R
1262 3668 1414 3725 incussione
1432 3668 1459 3725 θ
1477 3668 1544 3737 sort.

402 3750 477 3800 recte
541 3747 731 3803 euertunture
799 3749 828 3802 et
838 3749 957 3818 percutit
968 3765 1017 3804 om.
1030 3749 1067 3804 M
1130 3752 1164 3806 11
1177 3753 1499 3822 apostolusiobauneeM

403 3829 509 3887 aierunt
525 3828 552 3885 0
568 3829 595 3900 (e
607 3831 690 3902 eras.)
778 3832 812 3888 1e
829 3832 967 3890 nobiscum
985 3833 1080 3904 utique
1099 3835 1262 3892 mansissent
1282 3840 1331 3906 Μ,
1347 3853 1435 3894 mans.
1452 3840 1547 3911 utiquo

402 3912 494 3971 nob-o
555 3916 590 3970 14
606 3915 711 3972 lucrosis
726 3916 859 3974 WGMR
928 3918 1103 3990 1610111ΙῚ
1141 3921 1495 3982 liutdumcordacrad

400 3997 619 4056 cordanostrao
696 3999 1061 4061 200sseotsebismatal⁷
1144 4006 1545 4076 aohchfflbicbsuhi

400 4083 496 4143 Rue
564 4085 599 4141 24
617 4085 752 4142 soom
829 4089 972 4145 conuenite
984 4091 1025 4158 R,
1044 4095 1193 4148 conuentus
1205 4094 1352 4151 Miseros.
1422 4095 1545 4167 disputa·

398 4169 517 4228 tioneR
567 4170 604 4228 25
622 4171 865 4242 seprseflciontG
915 4174 949 4231 21
968 4177 1229 4248 pestilentiaciudl
