4002 5050
622 397 824 454 Sententiae
842 397 1076 466 opiscoporum
1094 414 1140 454 nr.
1158 397 1271 454 52-62.
1448 400 1516 467 455

708 659 851 722 Iulianus
865 676 887 722 a
900 658 1054 738 melopos
1069 658 1167 722 dixit:

416 771 574 857 Scriptum
589 777 652 842 est:
668 791 777 842 nemo
798 776 929 858 potest
950 775 1105 858 aliquid
1126 776 1319 860 accipere,
1342 775 1427 841 nisi
1450 775 1514 842 da·
1530 787 1572 853 57

372 878 455 942 tum
476 876 603 943 inerit
624 877 690 942 iili
712 876 757 944 de
778 878 897 944 caelo.
921 877 1101 944 siheeresis
1115 879 1155 945 do
1170 877 1256 945 coeio
1271 879 1335 958 est,
1357 879 1462 961 potest
1476 879 1509 944 ot

374 979 533 1062 baptisma
548 979 633 1046 dare.

338 1193 351 1232 a
682 1171 817 1234 lamine
832 1188 853 1233 a
868 1172 1096 1251 Timiiaregie
1110 1172 1206 1235 dixit:

419 1287 490 1354 Non
512 1286 575 1354 sihi
596 1287 800 1354 blandiantur
825 1287 880 1370 qui
908 1287 1073 1354 haereticis
1103 1289 1349 1372 patrocinentur.
1378 1288 1434 1372 qui
1459 1296 1570 1371 proti

375 1390 541 1456 haereticis
562 1389 770 1455 ecclesiastico
795 1389 953 1470 baptismo
979 1389 1147 1456 intercedit
1173 1389 1245 1455 illos
1271 1388 1458 1455 christianos
1483 1392 1517 1455 ot

377 1513 434 1561 nos
448 1492 622 1560 haereticos
636 1491 722 1558 iacit.

731 1683 892 1745 Geminius
907 1702 928 1745 a
941 1685 1056 1745 rnrnie
1071 1685 1167 1746 dixit:

339 1817 367 1856 ιο
420 1797 557 1877 Quidem
576 1799 616 1865 de
636 1799 766 1884 collegia
786 1799 958 1865 haereticos
977 1818 1165 1884 praeponere
1180 1801 1243 1867 sibi
1257 1803 1403 1886 possunt,
1425 1801 1570 1879 nobisse

376 1919 437 1968 non
458 1903 599 1986 possunt.
623 1905 655 1968 et
676 1902 747 1967 ideo
768 1902 850 1984 quod
871 1902 970 1968 semei
984 1902 1183 1968 decreuimus
1198 1905 1341 1970 tenemus
1356 1905 1393 1969 ut
1406 1903 1516 1970 haere·

377 2004 457 2068 ticos
472 2005 633 2070 uenientes
648 2003 854 2086 baptizemus.

650 2269 657 2284 ·
722 2195 921 2274 &grumae
936 2213 957 2258 a
970 2197 1062 2258 iiona
1076 2197 1175 2258 dixit:

420 2312 595 2378 Ecclesiam
622 2311 764 2378 Christus
790 2311 947 2390 instituit,
982 2313 1139 2378 haeresim
1171 2312 1325 2378 diabolus.
1361 2312 1572 2394 quomodote

342 2413 482 2496 repotost
495 2413 610 2479 habere
625 2412 819 2496 baptismum
836 2411 954 2479 Christi
969 2431 1129 2500 synagoga
1144 2411 1300 2480 Satanae?

732 2604 906 2682 'therapius
922 2624 943 2667 a
958 2605 1163 2667 Balladixit:
1412 2663 1416 2670 .

421 2721 482 2801 Qui
507 2722 673 2788 haereticis
699 2721 846 2788 eccleciae
872 2722 1067 2804 baptismum
1088 2721 1230 2787 concedit
1254 2724 1288 2787 et
1312 2719 1418 2803 prodit
1442 2719 1569 2803 quidsi

377 2824 464 2890 aliud
480 2843 575 2907 quam
590 2841 719 2906 sponsae
734 2821 852 2889 Christi
868 2823 964 2889 Iudas
980 2823 1110 2889 extitit?

623 3016 707 3078 Item
721 3017 803 3077 alins
817 3016 931 3078 Irnoiue
946 3033 967 3078 a
980 3015 1160 3077 Iemhreea
1174 3015 1274 3078 dixit:

343 3153 371 3196 ro
422 3129 583 3214 Scriptum
597 3132 660 3196 est:
690 3130 792 3196 Deus
814 3133 1065 3215 poccatorem
1086 3149 1158 3196 non
1187 3130 1310 3198 audit.
1343 3130 1572 3198 haereticum

378 3235 434 3318 qui
449 3235 595 3319 peccator
609 3236 657 3298 est
672 3234 827 3316 quomodo
842 3234 946 3299 erudiri
960 3234 995 3299 in
1010 3235 1172 3318 baptismo
1186 3235 1314 3318 potest?

482 3455 500 3508 2
518 3454 556 3509 Io.
569 3455 595 3518 3,
607 3455 649 3509 at.
707 3455 743 3508 20
761 3454 800 3518 Io,
812 3455 838 3520 9,
849 3454 892 3508 31.

432 3647 447 3699 1
465 3646 566 3715 telepte
579 3645 623 3700 Ao
691 3644 710 3697 3
728 3645 756 3698 ot
767 3659 818 3698 oen.
831 3643 859 3697 A
928 3643 946 3697 5
963 3641 1081 3698 thimida
1093 3643 1120 3698 L
1172 3643 1190 3698 6
1206 3642 1431 3714 patroncinantur
1444 3643 1472 3699 L

378 3732 396 3784 ‘1
414 3731 576 3800 baptismati
586 3731 638 3786 Mo
725 3733 754 3784 et
766 3744 815 3785 nos
826 3745 877 3785 era.
891 3729 930 3794 Τ,
952 3733 980 3783 et
992 3744 1045 3784 non
1057 3728 1097 3783 L·
1181 3729 1199 3783 9
1216 3729 1369 3799 gemminus
1383 3730 1421 3794 T,
1437 3729 1524 3800 gerni·

377 3831 430 3870 nue
441 3817 479 3872 Μ
575 3815 611 3870 10
627 3814 707 3870 nohis
725 3830 751 3868 n.
770 3817 884 3883 possunt
896 3829 947 3868 om.
964 3815 988 3866 T
1074 3816 1106 3869 11
1126 3815 1260 3884 tenemus]
1273 3815 1383 3868 maneat
1395 3813 1525 3868 uidelicet

381 3901 436 3956 i'e.
446 3902 464 3957 t.
535 3899 751 3964 haereticosLT‚
764 3898 799 3954 eh
812 3899 1047 3955 haereticieMAe
1129 3900 1163 3955 14
1180 3899 1280 3955 christi
1292 3899 1321 3956 L
1398 3899 1524 3956 haeresin

379 3985 457 4052 ΒΜ,
475 3986 609 4042 haeresim
626 3990 718 4040 autem
735 3987 760 4038 Τ
772 3985 822 4040 aed
834 3991 926 4040 antem
943 4003 964 4042 a
980 3987 998 4040 i.
1087 3990 1116 4042 et
1127 3985 1259 4056 quomodo
1274 3985 1356 4041 Tacui
1373 3988 1403 4041 et
1417 4003 1440 4042 e.
1452 3987 1471 4042 t.

379 4073 415 4127 15
432 4089 569 4144 synagoge
584 4073 619 4128 T·
711 4072 746 4126 16
764 4071 799 4126 ab
811 4071 863 4126 illa
874 4087 909 4126 ee:
920 4072 956 4126 ab
967 4071 1026 4126 ulte
1038 4073 1148 4130 Hosti
1247 4073 1280 4126 17
1301 4071 1439 4142 baptisma
1455 4089 1474 4128 e

379 4159 415 4213 18
431 4175 529 4229 eponae
540 4175 575 4214 ex
586 4175 681 4229 eponae
698 4157 724 4212 T
817 4156 896 4212 iudae
912 4173 1025 4227 sponsae
1036 4157 1134 4213 chricti
1151 4175 1168 4213 o
1257 4159 1292 4213 19
1308 4158 1473 4212 membreeea
1487 4157 1523 4222 L,

379 4244 572 4300 membrosahl
621 4243 657 4298 20
674 4243 807 4298 hereticos
819 4241 862 4306 M,
875 4245 904 4296 ct
915 4241 1052 4298 hereticas
1067 4245 1097 4307 Τ,
1109 4246 1195 4299 oooA
