<?xml version="1.0" encoding="UTF-8"?>
<!DOCTYPE html PUBLIC "-//W3C//DTD XHTML 1.0 Transitional//EN"
    "http://www.w3.org/TR/xhtml1/DTD/xhtml1-transitional.dtd">
<html xmlns="http://www.w3.org/1999/xhtml" xml:lang="en" lang="en">
 <head>
  <title>
</title>
<meta http-equiv="Content-Type" content="text/html;charset=utf-8" />
  <meta name='ocr-system' content='tesseract 3.04.00' />
  <meta name='ocr-capabilities' content='ocr_page ocr_carea ocr_par ocr_line ocrx_word'/>
</head>
<body>
  <div class='ocr_page' id='page_1' title='image "./sthascicaecilic03cyprgoog_0410.png"; bbox 0 0 4002 5050; ppageno 0'>
   <div class='ocr_carea' id='block_1_1' title="bbox 729 388 1546 460">
    <p class='ocr_par' dir='ltr' id='par_1_1' title="bbox 729 388 1546 460">
     <span class='ocr_line' id='line_1_1' title="bbox 729 388 1546 460; baseline 0.005 -15"><span class='ocrx_word' id='word_1_1' title='bbox 729 391 776 445; x_wconf 88' lang='lat' dir='ltr'><strong>De</strong></span> <span class='ocrx_word' id='word_1_2' title='bbox 792 388 877 445; x_wconf 91' lang='lat' dir='ltr'><strong>bono</strong></span> <span class='ocrx_word' id='word_1_3' title='bbox 896 390 1094 459; x_wconf 76' lang='lat' dir='ltr'><strong>patientiae</strong></span> <span class='ocrx_word' id='word_1_4' title='bbox 1111 407 1133 446; x_wconf 88' lang='lat' dir='ltr'><strong>c.</strong></span> <span class='ocrx_word' id='word_1_5' title='bbox 1151 393 1228 448; x_wconf 81' lang='lat' dir='ltr'><strong>s-4.</strong></span> <span class='ocrx_word' id='word_1_6' title='bbox 1481 394 1546 460; x_wconf 85' lang='lat'><strong>399</strong></span> 
     </span>
    </p>
   </div>
   <div class='ocr_carea' id='block_1_2' title="bbox 374 543 1575 3388">
    <p class='ocr_par' dir='ltr' id='par_1_2' title="bbox 374 543 1575 3388">
     <span class='ocr_line' id='line_1_2' title="bbox 408 543 1546 630; baseline -0.002 -17"><span class='ocrx_word' id='word_1_7' title='bbox 408 566 481 613; x_wconf 89' lang='lat' dir='ltr'><strong>mur</strong></span> <span class='ocrx_word' id='word_1_8' title='bbox 504 545 690 630; x_wconf 85' lang='lat' dir='ltr'><strong>patientium</strong></span> <span class='ocrx_word' id='word_1_9' title='bbox 713 543 833 611; x_wconf 85' lang='lat' dir='ltr'><strong>domini</strong></span> <span class='ocrx_word' id='word_1_10' title='bbox 859 544 976 627; x_wconf 90' lang='lat' dir='ltr'><strong>puriter</strong></span> <span class='ocrx_word' id='word_1_11' title='bbox 1002 547 1035 610; x_wconf 89' lang='lat' dir='ltr'><strong>et</strong></span> <span class='ocrx_word' id='word_1_12' title='bbox 1060 544 1177 628; x_wconf 90' lang='lat' dir='ltr'><strong>patris,</strong></span> <span class='ocrx_word' id='word_1_13' title='bbox 1200 545 1274 627; x_wconf 90' lang='lat' dir='ltr'><strong>quia</strong></span> <span class='ocrx_word' id='word_1_14' title='bbox 1295 547 1329 611; x_wconf 91' lang='lat' dir='ltr'><strong>et</strong></span> <span class='ocrx_word' id='word_1_15' title='bbox 1351 563 1456 611; x_wconf 90' lang='lat' dir='ltr'><strong>seruos</strong></span> <span class='ocrx_word' id='word_1_16' title='bbox 1479 563 1546 612; x_wconf 91' lang='lat' dir='ltr'><strong>esse</strong></span> 
     </span>
     <span class='ocr_line' id='line_1_3' title="bbox 409 648 1344 738; baseline 0 -22"><span class='ocrx_word' id='word_1_17' title='bbox 409 652 532 734; x_wconf 82' lang='lat' dir='ltr'><strong>eportet</strong></span> <span class='ocrx_word' id='word_1_18' title='bbox 545 651 748 733; x_wconf 74' lang='lat' dir='ltr'><strong>obsequentes</strong></span> <span class='ocrx_word' id='word_1_19' title='bbox 764 650 797 714; x_wconf 87' lang='lat' dir='ltr'><strong>et</strong></span> <span class='ocrx_word' id='word_1_20' title='bbox 810 648 891 714; x_wconf 87' lang='lat' dir='ltr'><strong>lilios</strong></span> <span class='ocrx_word' id='word_1_21' title='bbox 906 667 966 714; x_wconf 93' lang='lat' dir='ltr'><strong>non</strong></span> <span class='ocrx_word' id='word_1_22' title='bbox 981 651 1072 715; x_wconf 88' lang='lat' dir='ltr'><strong>decet</strong></span> <span class='ocrx_word' id='word_1_23' title='bbox 1086 667 1152 714; x_wconf 91' lang='lat' dir='ltr'><strong>esse</strong></span> <span class='ocrx_word' id='word_1_24' title='bbox 1167 650 1344 738; x_wconf 53' lang='lat' dir='ltr'><strong>degeneres,</strong></span> 
     </span>
     <span class='ocr_line' id='line_1_4' title="bbox 452 750 1575 836; baseline -0.004 -19"><span class='ocrx_word' id='word_1_25' title='bbox 452 750 561 831; x_wconf 83' lang='lat' dir='ltr'><strong>Qualis</strong></span> <span class='ocrx_word' id='word_1_26' title='bbox 583 770 656 817; x_wconf 91' lang='lat' dir='ltr'><strong>uero</strong></span> <span class='ocrx_word' id='word_1_27' title='bbox 678 751 711 817; x_wconf 94' lang='lat' dir='ltr'><strong>in</strong></span> <span class='ocrx_word' id='word_1_28' title='bbox 725 753 791 816; x_wconf 90' lang='lat' dir='ltr'><strong>Deo</strong></span> <span class='ocrx_word' id='word_1_29' title='bbox 806 753 839 815; x_wconf 89' lang='lat' dir='ltr'><strong>at</strong></span> <span class='ocrx_word' id='word_1_30' title='bbox 853 754 971 833; x_wconf 87' lang='lat' dir='ltr'><strong>quanta</strong></span> <span class='ocrx_word' id='word_1_31' title='bbox 985 752 1151 833; x_wconf 89' lang='lat' dir='ltr'><strong>patientia,</strong></span> <span class='ocrx_word' id='word_1_32' title='bbox 1176 752 1257 836; x_wconf 88' lang='lat' dir='ltr'><strong>quod</strong></span> <span class='ocrx_word' id='word_1_33' title='bbox 1271 753 1304 816; x_wconf 92' lang='lat' dir='ltr'><strong>in</strong></span> <span class='ocrx_word' id='word_1_34' title='bbox 1320 752 1575 818; x_wconf 72' lang='lat' dir='ltr'><strong>contumeliamt</strong></span> 
     </span>
     <span class='ocr_line' id='line_1_5' title="bbox 410 853 1547 937; baseline -0.002 -17"><span class='ocrx_word' id='word_1_35' title='bbox 410 875 483 920; x_wconf 88' lang='lat' dir='ltr'><strong>suae</strong></span> <span class='ocrx_word' id='word_1_36' title='bbox 497 855 674 921; x_wconf 77' lang='lat' dir='ltr'><strong>maiestatis</strong></span> <span class='ocrx_word' id='word_1_37' title='bbox 689 854 722 918; x_wconf 92' lang='lat' dir='ltr'><strong>et</strong></span> <span class='ocrx_word' id='word_1_38' title='bbox 735 853 860 920; x_wconf 84' lang='lat' dir='ltr'><strong>honoris</strong></span> <span class='ocrx_word' id='word_1_39' title='bbox 876 854 1025 920; x_wconf 86' lang='lat' dir='ltr'><strong>inst&#39;tuta</strong></span> <span class='ocrx_word' id='word_1_40' title='bbox 1039 855 1079 919; x_wconf 83' lang='lat' dir='ltr'><strong>eb</strong></span> <span class='ocrx_word' id='word_1_41' title='bbox 1094 855 1272 920; x_wconf 88' lang='lat' dir='ltr'><strong>hominibus</strong></span> <span class='ocrx_word' id='word_1_42' title='bbox 1286 853 1416 937; x_wconf 82' lang='lat' dir='ltr'><strong>prolana</strong></span> <span class='ocrx_word' id='word_1_43' title='bbox 1426 854 1547 937; x_wconf 83' lang='lat' dir='ltr'><strong>templu</strong></span> 
     </span>
     <span class='ocr_line' id='line_1_6' title="bbox 375 955 1547 1040; baseline -0.001 -18"><span class='ocrx_word' id='word_1_44' title='bbox 375 959 442 1022; x_wconf 71' lang='lat' dir='ltr'><strong>sec</strong></span> <span class='ocrx_word' id='word_1_45' title='bbox 468 959 591 1022; x_wconf 91' lang='lat' dir='ltr'><strong>terrena</strong></span> <span class='ocrx_word' id='word_1_46' title='bbox 614 955 765 1040; x_wconf 80' lang='lat' dir='ltr'><strong>figmento</strong></span> <span class='ocrx_word' id='word_1_47' title='bbox 790 956 822 1020; x_wconf 93' lang='lat' dir='ltr'><strong>et</strong></span> <span class='ocrx_word' id='word_1_48' title='bbox 844 974 932 1021; x_wconf 81' lang='lat' dir='ltr'><strong>sacra</strong></span> <span class='ocrx_word' id='word_1_49' title='bbox 956 956 1109 1040; x_wconf 78' lang='lat' dir='ltr'><strong>sacrilega</strong></span> <span class='ocrx_word' id='word_1_50' title='bbox 1134 957 1363 1037; x_wconf 70' lang='lat' dir='ltr'><strong>patientissime</strong></span> <span class='ocrx_word' id='word_1_51' title='bbox 1389 957 1547 1022; x_wconf 90' lang='lat' dir='ltr'><strong>sustinens</strong></span> 
     </span>
     <span class='ocr_line' id='line_1_7' title="bbox 408 1057 1547 1141; baseline -0.002 -17"><span class='ocrx_word' id='word_1_52' title='bbox 408 1059 611 1141; x_wconf 90' lang='lat' dir='ltr'><strong>superbonus</strong></span> <span class='ocrx_word' id='word_1_53' title='bbox 626 1059 658 1123; x_wconf 90' lang='lat' dir='ltr'><strong>et</strong></span> <span class='ocrx_word' id='word_1_54' title='bbox 672 1057 772 1123; x_wconf 83' lang='lat' dir='ltr'><strong>malos</strong></span> <span class='ocrx_word' id='word_1_55' title='bbox 787 1058 961 1138; x_wconf 84' lang='lat' dir='ltr'><strong>aequuliter</strong></span> <span class='ocrx_word' id='word_1_56' title='bbox 975 1058 1053 1124; x_wconf 84' lang='lat' dir='ltr'><strong>iacit</strong></span> <span class='ocrx_word' id='word_1_57' title='bbox 1067 1059 1153 1123; x_wconf 86' lang='lat' dir='ltr'><strong>diem</strong></span> <span class='ocrx_word' id='word_1_58' title='bbox 1176 1059 1262 1124; x_wconf 86' lang='lat' dir='ltr'><strong>nasci</strong></span> <span class='ocrx_word' id='word_1_59' title='bbox 1286 1061 1318 1124; x_wconf 91' lang='lat' dir='ltr'><strong>et</strong></span> <span class='ocrx_word' id='word_1_60' title='bbox 1340 1058 1448 1123; x_wconf 89' lang='lat' dir='ltr'><strong>lumen</strong></span> <span class='ocrx_word' id='word_1_61' title='bbox 1471 1058 1547 1122; x_wconf 87' lang='lat' dir='ltr'><strong>solis</strong></span> 
     </span>
     <span class='ocr_line' id='line_1_8' title="bbox 409 1160 1548 1244; baseline -0.003 -17"><span class='ocrx_word' id='word_1_62' title='bbox 409 1161 533 1240; x_wconf 90' lang='lat' dir='ltr'><strong>oboriri,</strong></span> <span class='ocrx_word' id='word_1_63' title='bbox 549 1164 582 1227; x_wconf 90' lang='lat' dir='ltr'><strong>et</strong></span> <span class='ocrx_word' id='word_1_64' title='bbox 597 1181 669 1227; x_wconf 90' lang='lat' dir='ltr'><strong>cum</strong></span> <span class='ocrx_word' id='word_1_65' title='bbox 684 1160 840 1226; x_wconf 86' lang='lat' dir='ltr'><strong>imbribus</strong></span> <span class='ocrx_word' id='word_1_66' title='bbox 855 1163 955 1225; x_wconf 82' lang='lat' dir='ltr'><strong>terras</strong></span> <span class='ocrx_word' id='word_1_67' title='bbox 970 1160 1070 1244; x_wconf 82' lang='lat' dir='ltr'><strong>riget,</strong></span> <span class='ocrx_word' id='word_1_68' title='bbox 1085 1179 1177 1226; x_wconf 87' lang='lat' dir='ltr'><strong>nemo</strong></span> <span class='ocrx_word' id='word_1_69' title='bbox 1192 1179 1211 1226; x_wconf 88' lang='lat' dir='ltr'><strong>u</strong></span> <span class='ocrx_word' id='word_1_70' title='bbox 1225 1160 1383 1226; x_wconf 87' lang='lat' dir='ltr'><strong>beneficiis</strong></span> <span class='ocrx_word' id='word_1_71' title='bbox 1405 1162 1473 1226; x_wconf 91' lang='lat' dir='ltr'><strong>eius</strong></span> <span class='ocrx_word' id='word_1_72' title='bbox 1495 1179 1548 1224; x_wconf 85' lang='lat' dir='ltr'><strong>cx·</strong></span> 
     </span>
     <span class='ocr_line' id='line_1_9' title="bbox 408 1262 1547 1348; baseline -0.001 -17"><span class='ocrx_word' id='word_1_73' title='bbox 408 1265 550 1331; x_wconf 84' lang='lat' dir='ltr'><strong>cluditur</strong></span> <span class='ocrx_word' id='word_1_74' title='bbox 571 1265 738 1348; x_wconf 89' lang='lat' dir='ltr'><strong>quominus</strong></span> <span class='ocrx_word' id='word_1_75' title='bbox 759 1262 853 1328; x_wconf 89' lang='lat' dir='ltr'><strong>iustis</strong></span> <span class='ocrx_word' id='word_1_76' title='bbox 869 1263 1018 1328; x_wconf 86' lang='lat' dir='ltr'><strong>similiter</strong></span> <span class='ocrx_word' id='word_1_77' title='bbox 1032 1264 1066 1328; x_wconf 90' lang='lat' dir='ltr'><strong>et</strong></span> <span class='ocrx_word' id='word_1_78' title='bbox 1080 1263 1208 1330; x_wconf 90' lang='lat' dir='ltr'><strong>iniustis</strong></span> <span class='ocrx_word' id='word_1_79' title='bbox 1222 1264 1406 1329; x_wconf 84' lang='lat' dir='ltr'><strong>indiscretus</strong></span> <span class='ocrx_word' id='word_1_80' title='bbox 1420 1263 1547 1346; x_wconf 91' lang='lat' dir='ltr'><strong>pluuias</strong></span> 
     </span>
     <span class='ocr_line' id='line_1_10' title="bbox 409 1365 1547 1450; baseline -0.002 -18"><span class='ocrx_word' id='word_1_81' title='bbox 409 1368 573 1450; x_wconf 81' lang='lat' dir='ltr'><strong>largiatur.</strong></span> <span class='ocrx_word' id='word_1_82' title='bbox 597 1367 741 1431; x_wconf 86' lang='lat' dir='ltr'><strong>uidemus</strong></span> <span class='ocrx_word' id='word_1_83' title='bbox 755 1365 957 1447; x_wconf 78' lang='lat' dir='ltr'><strong>inseparabili</strong></span> <span class='ocrx_word' id='word_1_84' title='bbox 972 1366 1163 1448; x_wconf 82' lang='lat' dir='ltr'><strong>aequalitate</strong></span> <span class='ocrx_word' id='word_1_85' title='bbox 1178 1368 1349 1450; x_wconf 85' lang='lat' dir='ltr'><strong>patientiae</strong></span> <span class='ocrx_word' id='word_1_86' title='bbox 1363 1366 1547 1432; x_wconf 73' lang='lat' dir='ltr'><strong>nocentibus</strong></span> 
     </span>
     <span class='ocr_line' id='line_1_11' title="bbox 375 1467 1547 1553; baseline 0.003 -24"><span class='ocrx_word' id='word_1_87' title='bbox 375 1471 441 1533; x_wconf 77' lang='lat' dir='ltr'><strong>net</strong></span> <span class='ocrx_word' id='word_1_88' title='bbox 456 1469 605 1547; x_wconf 85' lang='lat' dir='ltr'><strong>innoxiis,</strong></span> <span class='ocrx_word' id='word_1_89' title='bbox 621 1468 777 1553; x_wconf 83' lang='lat' dir='ltr'><strong>religiosis</strong></span> <span class='ocrx_word' id='word_1_90' title='bbox 792 1469 825 1532; x_wconf 90' lang='lat' dir='ltr'><strong>et</strong></span> <span class='ocrx_word' id='word_1_91' title='bbox 839 1467 963 1551; x_wconf 87' lang='lat' dir='ltr'><strong>impiis,</strong></span> <span class='ocrx_word' id='word_1_92' title='bbox 979 1468 1098 1550; x_wconf 85' lang='lat' dir='ltr'><strong>gratias</strong></span> <span class='ocrx_word' id='word_1_93' title='bbox 1112 1469 1278 1552; x_wconf 85' lang='lat' dir='ltr'><strong>agentibus</strong></span> <span class='ocrx_word' id='word_1_94' title='bbox 1293 1471 1326 1534; x_wconf 92' lang='lat' dir='ltr'><strong>et</strong></span> <span class='ocrx_word' id='word_1_95' title='bbox 1343 1468 1476 1552; x_wconf 85' lang='lat' dir='ltr'><strong>ingratis</strong></span> <span class='ocrx_word' id='word_1_96' title='bbox 1487 1469 1547 1533; x_wconf 91' lang='lat' dir='ltr'><strong>Dei</strong></span> 
     </span>
     <span class='ocr_line' id='line_1_12' title="bbox 408 1569 1547 1654; baseline -0.001 -17"><span class='ocrx_word' id='word_1_97' title='bbox 408 1573 488 1637; x_wconf 91' lang='lat' dir='ltr'><strong>nutu</strong></span> <span class='ocrx_word' id='word_1_98' title='bbox 503 1573 646 1654; x_wconf 88' lang='lat' dir='ltr'><strong>tempora</strong></span> <span class='ocrx_word' id='word_1_99' title='bbox 659 1570 804 1653; x_wconf 86' lang='lat' dir='ltr'><strong>obsequi,</strong></span> <span class='ocrx_word' id='word_1_100' title='bbox 821 1570 975 1636; x_wconf 88' lang='lat' dir='ltr'><strong>elementa</strong></span> <span class='ocrx_word' id='word_1_101' title='bbox 989 1569 1154 1650; x_wconf 74' lang='lat' dir='ltr'><strong>inmuni,</strong></span> <span class='ocrx_word' id='word_1_102' title='bbox 1170 1571 1288 1654; x_wconf 88' lang='lat' dir='ltr'><strong>spirare</strong></span> <span class='ocrx_word' id='word_1_103' title='bbox 1302 1573 1428 1648; x_wconf 90' lang='lat' dir='ltr'><strong>uentos,</strong></span> <span class='ocrx_word' id='word_1_104' title='bbox 1444 1569 1547 1636; x_wconf 86' lang='lat' dir='ltr'><strong>iontes</strong></span> 
     </span>
     <span class='ocr_line' id='line_1_13' title="bbox 408 1671 1546 1756; baseline 0.002 -20"><span class='ocrx_word' id='word_1_105' title='bbox 408 1673 521 1748; x_wconf 85' lang='lat' dir='ltr'><strong>fluere,</strong></span> <span class='ocrx_word' id='word_1_106' title='bbox 537 1673 740 1756; x_wconf 80' lang='lat' dir='ltr'><strong>grandescere</strong></span> <span class='ocrx_word' id='word_1_107' title='bbox 754 1671 859 1754; x_wconf 91' lang='lat' dir='ltr'><strong>copias</strong></span> <span class='ocrx_word' id='word_1_108' title='bbox 873 1672 1038 1748; x_wconf 87' lang='lat' dir='ltr'><strong>messium,</strong></span> <span class='ocrx_word' id='word_1_109' title='bbox 1060 1671 1183 1737; x_wconf 84' lang='lat' dir='ltr'><strong>fructus</strong></span> <span class='ocrx_word' id='word_1_110' title='bbox 1197 1674 1358 1738; x_wconf 79' lang='lat' dir='ltr'><strong>mitescere</strong></span> <span class='ocrx_word' id='word_1_111' title='bbox 1373 1673 1546 1750; x_wconf 81' lang='lat' dir='ltr'><strong>uinearum,</strong></span> 
     </span>
     <span class='ocr_line' id='line_1_14' title="bbox 410 1772 1546 1858; baseline -0.001 -19"><span class='ocrx_word' id='word_1_112' title='bbox 410 1773 574 1841; x_wconf 81' lang='lat' dir='ltr'><strong>exuberare</strong></span> <span class='ocrx_word' id='word_1_113' title='bbox 588 1773 690 1857; x_wconf 90' lang='lat' dir='ltr'><strong>pomis</strong></span> <span class='ocrx_word' id='word_1_114' title='bbox 706 1772 851 1851; x_wconf 89' lang='lat' dir='ltr'><strong>arbusta,</strong></span> <span class='ocrx_word' id='word_1_115' title='bbox 874 1791 1000 1838; x_wconf 88' lang='lat' dir='ltr'><strong>nemora</strong></span> <span class='ocrx_word' id='word_1_116' title='bbox 1022 1772 1234 1854; x_wconf 81' lang='lat' dir='ltr'><strong>frondescere,</strong></span> <span class='ocrx_word' id='word_1_117' title='bbox 1257 1775 1349 1858; x_wconf 85' lang='lat' dir='ltr'><strong>prsta</strong></span> <span class='ocrx_word' id='word_1_118' title='bbox 1370 1772 1488 1839; x_wconf 85' lang='lat' dir='ltr'><strong>florere.</strong></span> <span class='ocrx_word' id='word_1_119' title='bbox 1513 1775 1546 1840; x_wconf 90' lang='lat' dir='ltr'><strong>et</strong></span> 
     </span>
     <span class='ocr_line' id='line_1_15' title="bbox 410 1874 1548 1960; baseline 0 -18"><span class='ocrx_word' id='word_1_120' title='bbox 410 1895 482 1942; x_wconf 91' lang='lat' dir='ltr'><strong>cum</strong></span> <span class='ocrx_word' id='word_1_121' title='bbox 506 1877 623 1942; x_wconf 85' lang='lat' dir='ltr'><strong>crebris</strong></span> <span class='ocrx_word' id='word_1_122' title='bbox 649 1876 747 1941; x_wconf 91' lang='lat' dir='ltr'><strong>immo</strong></span> <span class='ocrx_word' id='word_1_123' title='bbox 762 1874 918 1940; x_wconf 89' lang='lat' dir='ltr'><strong>continuis</strong></span> <span class='ocrx_word' id='word_1_124' title='bbox 934 1875 1135 1941; x_wconf 80' lang='lat' dir='ltr'><strong>exacerbetur</strong></span> <span class='ocrx_word' id='word_1_125' title='bbox 1149 1877 1273 1942; x_wconf 81' lang='lat' dir='ltr'><strong>offensis</strong></span> <span class='ocrx_word' id='word_1_126' title='bbox 1286 1877 1389 1955; x_wconf 90' lang='lat' dir='ltr'><strong>Deus,</strong></span> <span class='ocrx_word' id='word_1_127' title='bbox 1404 1876 1548 1960; x_wconf 85' lang='lat' dir='ltr'><strong>indigna-</strong></span> 
     </span>
     <span class='ocr_line' id='line_1_16' title="bbox 377 1977 1547 2059; baseline 0.003 -17"><span class='ocrx_word' id='word_1_128' title='bbox 377 2003 401 2042; x_wconf 72' lang='lat' dir='ltr'><strong>re</strong></span> <span class='ocrx_word' id='word_1_129' title='bbox 411 1979 528 2044; x_wconf 88' lang='lat' dir='ltr'><strong>tionem</strong></span> <span class='ocrx_word' id='word_1_130' title='bbox 544 1997 633 2044; x_wconf 86' lang='lat' dir='ltr'><strong>suam</strong></span> <span class='ocrx_word' id='word_1_131' title='bbox 648 1979 804 2059; x_wconf 83' lang='lat' dir='ltr'><strong>temperat</strong></span> <span class='ocrx_word' id='word_1_132' title='bbox 819 1977 851 2041; x_wconf 92' lang='lat' dir='ltr'><strong>et</strong></span> <span class='ocrx_word' id='word_1_133' title='bbox 866 1977 1090 2059; x_wconf 82' lang='lat' dir='ltr'><strong>praestitutum</strong></span> <span class='ocrx_word' id='word_1_134' title='bbox 1106 1979 1201 2044; x_wconf 88' lang='lat' dir='ltr'><strong>semel</strong></span> <span class='ocrx_word' id='word_1_135' title='bbox 1224 1979 1440 2044; x_wconf 84' lang='lat' dir='ltr'><strong>retributionis</strong></span> <span class='ocrx_word' id='word_1_136' title='bbox 1463 1978 1547 2045; x_wconf 91' lang='lat' dir='ltr'><strong>diem</strong></span> 
     </span>
     <span class='ocr_line' id='line_1_17' title="bbox 409 2079 1547 2163; baseline 0 -17"><span class='ocrx_word' id='word_1_137' title='bbox 409 2082 567 2163; x_wconf 91' lang='lat' dir='ltr'><strong>patienter</strong></span> <span class='ocrx_word' id='word_1_138' title='bbox 580 2082 733 2163; x_wconf 86' lang='lat' dir='ltr'><strong>expectat,</strong></span> <span class='ocrx_word' id='word_1_139' title='bbox 756 2097 889 2160; x_wconf 87' lang='lat' dir='ltr'><strong>cumque</strong></span> <span class='ocrx_word' id='word_1_140' title='bbox 904 2079 1018 2144; x_wconf 82' lang='lat' dir='ltr'><strong>iubeat</strong></span> <span class='ocrx_word' id='word_1_141' title='bbox 1033 2080 1066 2145; x_wconf 95' lang='lat' dir='ltr'><strong>in</strong></span> <span class='ocrx_word' id='word_1_142' title='bbox 1088 2083 1244 2163; x_wconf 87' lang='lat' dir='ltr'><strong>potestate</strong></span> <span class='ocrx_word' id='word_1_143' title='bbox 1267 2082 1455 2158; x_wconf 85' lang='lat' dir='ltr'><strong>uindictam,</strong></span> <span class='ocrx_word' id='word_1_144' title='bbox 1478 2099 1547 2146; x_wconf 88' lang='lat' dir='ltr'><strong>ma·</strong></span> 
     </span>
     <span class='ocr_line' id='line_1_18' title="bbox 410 2180 1548 2263; baseline -0.001 -14"><span class='ocrx_word' id='word_1_145' title='bbox 410 2184 482 2249; x_wconf 92' lang='lat' dir='ltr'><strong>uult</strong></span> <span class='ocrx_word' id='word_1_146' title='bbox 496 2183 551 2248; x_wconf 87' lang='lat' dir='ltr'><strong>diu</strong></span> <span class='ocrx_word' id='word_1_147' title='bbox 567 2186 671 2249; x_wconf 86' lang='lat' dir='ltr'><strong>tenere</strong></span> <span class='ocrx_word' id='word_1_148' title='bbox 684 2181 873 2263; x_wconf 86' lang='lat' dir='ltr'><strong>patientiam</strong></span> <span class='ocrx_word' id='word_1_149' title='bbox 893 2180 1049 2248; x_wconf 85' lang='lat' dir='ltr'><strong>sustinens</strong></span> <span class='ocrx_word' id='word_1_150' title='bbox 1071 2181 1192 2248; x_wconf 90' lang='lat' dir='ltr'><strong>scilicet</strong></span> <span class='ocrx_word' id='word_1_151' title='bbox 1213 2184 1380 2250; x_wconf 88' lang='lat' dir='ltr'><strong>clementer</strong></span> <span class='ocrx_word' id='word_1_152' title='bbox 1403 2185 1435 2247; x_wconf 89' lang='lat' dir='ltr'><strong>et</strong></span> <span class='ocrx_word' id='word_1_153' title='bbox 1457 2181 1548 2248; x_wconf 83' lang='lat' dir='ltr'><strong>niffe-</strong></span> 
     </span>
     <span class='ocr_line' id='line_1_19' title="bbox 409 2283 1548 2367; baseline 0.001 -18"><span class='ocrx_word' id='word_1_154' title='bbox 409 2303 496 2364; x_wconf 88' lang='lat' dir='ltr'><strong>rens,</strong></span> <span class='ocrx_word' id='word_1_155' title='bbox 519 2286 556 2349; x_wconf 93' lang='lat' dir='ltr'><strong>ut</strong></span> <span class='ocrx_word' id='word_1_156' title='bbox 570 2284 598 2350; x_wconf 94' lang='lat' dir='ltr'><strong>si</strong></span> <span class='ocrx_word' id='word_1_157' title='bbox 613 2284 681 2350; x_wconf 85' lang='lat' dir='ltr'><strong>lieri</strong></span> <span class='ocrx_word' id='word_1_158' title='bbox 694 2286 800 2367; x_wconf 90' lang='lat' dir='ltr'><strong>potest</strong></span> <span class='ocrx_word' id='word_1_159' title='bbox 814 2286 954 2350; x_wconf 88' lang='lat' dir='ltr'><strong>multum</strong></span> <span class='ocrx_word' id='word_1_160' title='bbox 969 2285 1093 2351; x_wconf 86' lang='lat' dir='ltr'><strong>malitia</strong></span> <span class='ocrx_word' id='word_1_161' title='bbox 1113 2287 1272 2366; x_wconf 83' lang='lat' dir='ltr'><strong>protractu</strong></span> <span class='ocrx_word' id='word_1_162' title='bbox 1294 2283 1460 2366; x_wconf 81' lang='lat' dir='ltr'><strong>aliquando</strong></span> <span class='ocrx_word' id='word_1_163' title='bbox 1476 2305 1548 2350; x_wconf 93' lang='lat' dir='ltr'><strong>mu·</strong></span> 
     </span>
     <span class='ocr_line' id='line_1_20' title="bbox 410 2386 1548 2470; baseline 0 -18"><span class='ocrx_word' id='word_1_164' title='bbox 410 2388 496 2452; x_wconf 90' lang='lat' dir='ltr'><strong>tetur</strong></span> <span class='ocrx_word' id='word_1_165' title='bbox 509 2387 542 2450; x_wconf 93' lang='lat' dir='ltr'><strong>et</strong></span> <span class='ocrx_word' id='word_1_166' title='bbox 556 2386 649 2451; x_wconf 85' lang='lat' dir='ltr'><strong>homo</strong></span> <span class='ocrx_word' id='word_1_167' title='bbox 663 2386 697 2450; x_wconf 93' lang='lat' dir='ltr'><strong>in</strong></span> <span class='ocrx_word' id='word_1_168' title='bbox 711 2404 850 2451; x_wconf 85' lang='lat' dir='ltr'><strong>errorum</strong></span> <span class='ocrx_word' id='word_1_169' title='bbox 866 2388 899 2453; x_wconf 90' lang='lat' dir='ltr'><strong>et</strong></span> <span class='ocrx_word' id='word_1_170' title='bbox 913 2388 1066 2453; x_wconf 89' lang='lat' dir='ltr'><strong>scelerum</strong></span> <span class='ocrx_word' id='word_1_171' title='bbox 1081 2388 1226 2470; x_wconf 90' lang='lat' dir='ltr'><strong>contagio</strong></span> <span class='ocrx_word' id='word_1_172' title='bbox 1238 2387 1399 2454; x_wconf 85' lang='lat' dir='ltr'><strong>uolutatus</strong></span> <span class='ocrx_word' id='word_1_173' title='bbox 1414 2386 1466 2452; x_wconf 93' lang='lat' dir='ltr'><strong>uel</strong></span> <span class='ocrx_word' id='word_1_174' title='bbox 1480 2404 1548 2454; x_wconf 88' lang='lat' dir='ltr'><strong>sero</strong></span> 
     </span>
     <span class='ocr_line' id='line_1_21' title="bbox 375 2488 1546 2570; baseline 0.005 -22"><span class='ocrx_word' id='word_1_175' title='bbox 375 2511 401 2550; x_wconf 80' lang='lat'><strong>20</strong></span> <span class='ocrx_word' id='word_1_176' title='bbox 410 2490 450 2554; x_wconf 88' lang='lat' dir='ltr'><strong>ad</strong></span> <span class='ocrx_word' id='word_1_177' title='bbox 464 2489 569 2554; x_wconf 89' lang='lat' dir='ltr'><strong>Deum</strong></span> <span class='ocrx_word' id='word_1_178' title='bbox 584 2491 784 2554; x_wconf 85' lang='lat' dir='ltr'><strong>concertatur·</strong></span> <span class='ocrx_word' id='word_1_179' title='bbox 806 2490 874 2570; x_wconf 87' lang='lat' dir='ltr'><strong>ipso</strong></span> <span class='ocrx_word' id='word_1_180' title='bbox 896 2490 1041 2556; x_wconf 88' lang='lat' dir='ltr'><strong>monente</strong></span> <span class='ocrx_word' id='word_1_181' title='bbox 1064 2491 1097 2554; x_wconf 90' lang='lat' dir='ltr'><strong>et</strong></span> <span class='ocrx_word' id='word_1_182' title='bbox 1109 2489 1247 2555; x_wconf 86' lang='lat' dir='ltr'><strong>dicente:</strong></span> <span class='ocrx_word' id='word_1_183' title='bbox 1271 2488 1359 2555; x_wconf 94' lang='lat' dir='ltr'><strong>nolo</strong></span> <span class='ocrx_word' id='word_1_184' title='bbox 1381 2491 1546 2555; x_wconf 87' lang='lat' dir='ltr'><strong>mortem</strong></span> 
     </span>
     <span class='ocr_line' id='line_1_22' title="bbox 409 2588 1548 2677; baseline 0.001 -22"><span class='ocrx_word' id='word_1_185' title='bbox 409 2591 634 2668; x_wconf 91' lang='lat' dir='ltr'><strong>morientis,</strong></span> <span class='ocrx_word' id='word_1_186' title='bbox 665 2592 851 2672; x_wconf 87' lang='lat' dir='ltr'><strong>quantum</strong></span> <span class='ocrx_word' id='word_1_187' title='bbox 881 2594 925 2655; x_wconf 91' lang='lat' dir='ltr'><strong>ut</strong></span> <span class='ocrx_word' id='word_1_188' title='bbox 954 2592 1179 2657; x_wconf 82' lang='lat' dir='ltr'><strong>reuertatur</strong></span> <span class='ocrx_word' id='word_1_189' title='bbox 1200 2593 1238 2657; x_wconf 92' lang='lat' dir='ltr'><strong>et</strong></span> <span class='ocrx_word' id='word_1_190' title='bbox 1268 2592 1389 2656; x_wconf 87' lang='lat' dir='ltr'><strong>uiuat.</strong></span> <span class='ocrx_word' id='word_1_191' title='bbox 1429 2588 1548 2677; x_wconf 91' lang='lat' dir='ltr'><strong>[etite-</strong></span> 
     </span>
     <span class='ocr_line' id='line_1_23' title="bbox 409 2690 1547 2780; baseline -0.001 -22"><span class='ocrx_word' id='word_1_192' title='bbox 409 2712 496 2758; x_wconf 87' lang='lat' dir='ltr'><strong>rum:</strong></span> <span class='ocrx_word' id='word_1_193' title='bbox 531 2692 786 2758; x_wconf 90' lang='lat' dir='ltr'><strong>reuertimini</strong></span> <span class='ocrx_word' id='word_1_194' title='bbox 814 2690 860 2756; x_wconf 90' lang='lat' dir='ltr'><strong>ad</strong></span> <span class='ocrx_word' id='word_1_195' title='bbox 882 2711 955 2772; x_wconf 91' lang='lat' dir='ltr'><strong>me,</strong></span> <span class='ocrx_word' id='word_1_196' title='bbox 986 2694 1088 2759; x_wconf 87' lang='lat' dir='ltr'><strong>dicit</strong></span> <span class='ocrx_word' id='word_1_197' title='bbox 1117 2691 1328 2780; x_wconf 81' lang='lat' dir='ltr'><strong>Dominus]</strong></span> <span class='ocrx_word' id='word_1_198' title='bbox 1368 2694 1547 2759; x_wconf 85' lang='lat' dir='ltr'><strong>etiterum:</strong></span> 
     </span>
     <span class='ocr_line' id='line_1_24' title="bbox 409 2794 1548 2879; baseline 0.002 -19"><span class='ocrx_word' id='word_1_199' title='bbox 409 2795 670 2862; x_wconf 86' lang='lat' dir='ltr'><strong>reuertimini</strong></span> <span class='ocrx_word' id='word_1_200' title='bbox 693 2794 739 2859; x_wconf 91' lang='lat' dir='ltr'><strong>ad</strong></span> <span class='ocrx_word' id='word_1_201' title='bbox 761 2795 969 2860; x_wconf 89' lang='lat' dir='ltr'><strong>Dominum</strong></span> <span class='ocrx_word' id='word_1_202' title='bbox 991 2796 1110 2861; x_wconf 88' lang='lat' dir='ltr'><strong>Deum</strong></span> <span class='ocrx_word' id='word_1_203' title='bbox 1133 2799 1325 2875; x_wconf 86' lang='lat' dir='ltr'><strong>uestrum,</strong></span> <span class='ocrx_word' id='word_1_204' title='bbox 1363 2796 1548 2879; x_wconf 86' lang='lat' dir='ltr'><strong>quoniam</strong></span> 
     </span>
     <span class='ocr_line' id='line_1_25' title="bbox 408 2896 1548 2979; baseline 0.002 -18"><span class='ocrx_word' id='word_1_205' title='bbox 408 2897 638 2962; x_wconf 86' lang='lat' dir='ltr'><strong>misericors</strong></span> <span class='ocrx_word' id='word_1_206' title='bbox 660 2897 698 2960; x_wconf 94' lang='lat' dir='ltr'><strong>et</strong></span> <span class='ocrx_word' id='word_1_207' title='bbox 719 2896 808 2978; x_wconf 92' lang='lat' dir='ltr'><strong>pius</strong></span> <span class='ocrx_word' id='word_1_208' title='bbox 830 2898 891 2961; x_wconf 90' lang='lat' dir='ltr'><strong>est</strong></span> <span class='ocrx_word' id='word_1_209' title='bbox 912 2900 950 2961; x_wconf 91' lang='lat' dir='ltr'><strong>et</strong></span> <span class='ocrx_word' id='word_1_210' title='bbox 970 2899 1128 2979; x_wconf 90' lang='lat' dir='ltr'><strong>patiens</strong></span> <span class='ocrx_word' id='word_1_211' title='bbox 1156 2900 1195 2963; x_wconf 89' lang='lat' dir='ltr'><strong>et</strong></span> <span class='ocrx_word' id='word_1_212' title='bbox 1222 2899 1369 2964; x_wconf 91' lang='lat' dir='ltr'><strong>multae</strong></span> <span class='ocrx_word' id='word_1_213' title='bbox 1391 2899 1548 2963; x_wconf 91' lang='lat' dir='ltr'><strong>misera·</strong></span> 
     </span>
     <span class='ocr_line' id='line_1_26' title="bbox 374 2999 1549 3082; baseline 0.004 -22"><span class='ocrx_word' id='word_1_214' title='bbox 374 3000 534 3064; x_wconf 75' lang='lat' dir='ltr'><strong>astionis</strong></span> <span class='ocrx_word' id='word_1_215' title='bbox 555 3001 595 3064; x_wconf 92' lang='lat' dir='ltr'><strong>et</strong></span> <span class='ocrx_word' id='word_1_216' title='bbox 617 2999 685 3082; x_wconf 90' lang='lat' dir='ltr'><strong>qui</strong></span> <span class='ocrx_word' id='word_1_217' title='bbox 706 2999 953 3066; x_wconf 89' lang='lat' dir='ltr'><strong>sententiam</strong></span> <span class='ocrx_word' id='word_1_218' title='bbox 974 3000 1119 3066; x_wconf 87' lang='lat' dir='ltr'><strong>flectat</strong></span> <span class='ocrx_word' id='word_1_219' title='bbox 1149 3003 1340 3068; x_wconf 86' lang='lat' dir='ltr'><strong>aduersus</strong></span> <span class='ocrx_word' id='word_1_220' title='bbox 1368 2999 1549 3066; x_wconf 76' lang='lat' dir='ltr'><strong>malitias</strong></span> 
     </span>
     <span class='ocr_line' id='line_1_27' title="bbox 409 3100 1549 3187; baseline 0.001 -19"><span class='ocrx_word' id='word_1_221' title='bbox 409 3104 493 3168; x_wconf 84' lang='lat' dir='ltr'><strong>inno</strong></span> <span class='ocrx_word' id='word_1_222' title='bbox 502 3106 625 3186; x_wconf 85' lang='lat' dir='ltr'><strong>gatus.</strong></span> <span class='ocrx_word' id='word_1_223' title='bbox 643 3101 726 3184; x_wconf 88' lang='lat' dir='ltr'><strong>quod</strong></span> <span class='ocrx_word' id='word_1_224' title='bbox 739 3100 851 3168; x_wconf 85' lang='lat' dir='ltr'><strong>beatus</strong></span> <span class='ocrx_word' id='word_1_225' title='bbox 866 3103 1025 3186; x_wconf 86' lang='lat' dir='ltr'><strong>apostolus</strong></span> <span class='ocrx_word' id='word_1_226' title='bbox 1036 3103 1155 3168; x_wconf 88' lang='lat' dir='ltr'><strong>Paulus</strong></span> <span class='ocrx_word' id='word_1_227' title='bbox 1170 3120 1415 3170; x_wconf 86' lang='lat' dir='ltr'><strong>commemorans</strong></span> <span class='ocrx_word' id='word_1_228' title='bbox 1430 3104 1463 3170; x_wconf 92' lang='lat' dir='ltr'><strong>et</strong></span> <span class='ocrx_word' id='word_1_229' title='bbox 1477 3123 1549 3187; x_wconf 91' lang='lat' dir='ltr'><strong>pec·</strong></span> 
     </span>
     <span class='ocr_line' id='line_1_28' title="bbox 410 3204 1548 3290; baseline 0 -19"><span class='ocrx_word' id='word_1_230' title='bbox 410 3207 546 3272; x_wconf 77' lang='lat' dir='ltr'><strong>catonem</strong></span> <span class='ocrx_word' id='word_1_231' title='bbox 562 3204 603 3269; x_wconf 83' lang='lat' dir='ltr'><strong>ad</strong></span> <span class='ocrx_word' id='word_1_232' title='bbox 617 3204 845 3285; x_wconf 87' lang='lat' dir='ltr'><strong>paenitentiam</strong></span> <span class='ocrx_word' id='word_1_233' title='bbox 858 3224 1006 3272; x_wconf 81' lang='lat' dir='ltr'><strong>reuocans</strong></span> <span class='ocrx_word' id='word_1_234' title='bbox 1027 3207 1174 3290; x_wconf 90' lang='lat' dir='ltr'><strong>proponit</strong></span> <span class='ocrx_word' id='word_1_235' title='bbox 1196 3208 1228 3272; x_wconf 86' lang='lat' dir='ltr'><strong>et</strong></span> <span class='ocrx_word' id='word_1_236' title='bbox 1249 3207 1345 3274; x_wconf 87' lang='lat' dir='ltr'><strong>dicit:</strong></span> <span class='ocrx_word' id='word_1_237' title='bbox 1373 3225 1422 3272; x_wconf 84' lang='lat' dir='ltr'><strong>su</strong></span> <span class='ocrx_word' id='word_1_238' title='bbox 1444 3225 1548 3271; x_wconf 91' lang='lat' dir='ltr'><strong>num·</strong></span> 
     </span>
     <span class='ocr_line' id='line_1_29' title="bbox 409 3305 1549 3388; baseline 0.005 -17"><span class='ocrx_word' id='word_1_239' title='bbox 409 3305 502 3387; x_wconf 84' lang='lat' dir='ltr'><strong>quid</strong></span> <span class='ocrx_word' id='word_1_240' title='bbox 532 3306 780 3388; x_wconf 77' lang='lat' dir='ltr'><strong>opulentiam</strong></span> <span class='ocrx_word' id='word_1_241' title='bbox 803 3309 1001 3375; x_wconf 90' lang='lat' dir='ltr'><strong>bonitatis</strong></span> <span class='ocrx_word' id='word_1_242' title='bbox 1031 3311 1112 3374; x_wconf 91' lang='lat' dir='ltr'><strong>eius</strong></span> <span class='ocrx_word' id='word_1_243' title='bbox 1142 3310 1182 3374; x_wconf 90' lang='lat' dir='ltr'><strong>et</strong></span> <span class='ocrx_word' id='word_1_244' title='bbox 1203 3309 1485 3375; x_wconf 87' lang='lat' dir='ltr'><strong>sustinentiam</strong></span> <span class='ocrx_word' id='word_1_245' title='bbox 1509 3315 1549 3377; x_wconf 91' lang='lat' dir='ltr'><strong>et</strong></span> 
     </span>
    </p>
   </div>
   <div class='ocr_carea' id='block_1_3' title="bbox 511 3491 1547 3568">
    <p class='ocr_par' dir='ltr' id='par_1_3' title="bbox 511 3491 1547 3568">
     <span class='ocr_line' id='line_1_30' title="bbox 511 3491 1547 3568; baseline 0.006 -23"><span class='ocrx_word' id='word_1_246' title='bbox 511 3491 654 3546; x_wconf 68' lang='lat' dir='ltr'><strong>connect.</strong></span> <span class='ocrx_word' id='word_1_247' title='bbox 669 3491 710 3554; x_wconf 82' lang='lat'><strong>18,</strong></span> <span class='ocrx_word' id='word_1_248' title='bbox 722 3494 764 3547; x_wconf 76' lang='lat'><strong>32.</strong></span> <span class='ocrx_word' id='word_1_249' title='bbox 817 3493 929 3547; x_wconf 74' lang='lat' dir='ltr'><strong>saniei.</strong></span> <span class='ocrx_word' id='word_1_250' title='bbox 943 3495 967 3558; x_wconf 85' lang='lat'><strong>3,</strong></span> <span class='ocrx_word' id='word_1_251' title='bbox 980 3495 1004 3548; x_wconf 76' lang='grc'><strong>7.</strong></span> <span class='ocrx_word' id='word_1_252' title='bbox 1058 3495 1254 3559; x_wconf 68' lang='lat'><strong>231001213.</strong></span> <span class='ocrx_word' id='word_1_253' title='bbox 1307 3497 1340 3550; x_wconf 68' lang='lat' dir='ltr'><strong>‘Il</strong></span> <span class='ocrx_word' id='word_1_254' title='bbox 1354 3495 1547 3568; x_wconf 77' lang='lat' dir='ltr'><strong>Rom.2,4sq.</strong></span> 
     </span>
    </p>
   </div>
   <div class='ocr_carea' id='block_1_4' title="bbox 407 3645 1556 3820">
    <p class='ocr_par' dir='ltr' id='par_1_4' title="bbox 407 3645 1556 3820">
     <span class='ocr_line' id='line_1_31' title="bbox 458 3645 1556 3738; baseline 0.007 -22"><span class='ocrx_word' id='word_1_255' title='bbox 458 3662 699 3731; x_wconf 80' lang='lat' dir='ltr'><strong>2op01tetossec</strong></span> <span class='ocrx_word' id='word_1_256' title='bbox 750 3662 927 3732; x_wconf 72' lang='lat' dir='ltr'><strong>eprephanu</strong></span> <span class='ocrx_word' id='word_1_257' title='bbox 940 3665 1008 3719; x_wconf 81' lang='lat' dir='ltr'><strong>WG</strong></span> <span class='ocrx_word' id='word_1_258' title='bbox 1060 3665 1214 3722; x_wconf 87' lang='lat' dir='ltr'><strong>10reliosis</strong></span> <span class='ocrx_word' id='word_1_259' title='bbox 1227 3667 1267 3724; x_wconf 81' lang='lat' dir='ltr'><strong><em>W</em></strong></span> <span class='ocrx_word' id='word_1_260' title='bbox 1316 3669 1350 3722; x_wconf 76' lang='lat'><strong>12</strong></span> <span class='ocrx_word' id='word_1_261' title='bbox 1361 3645 1556 3738; x_wconf 66' lang='lat' dir='ltr'><strong>grandesceret</strong></span> 
     </span>
     <span class='ocr_line' id='line_1_32' title="bbox 407 3747 1492 3820; baseline 0.006 -17"><span class='ocrx_word' id='word_1_262' title='bbox 407 3748 565 3803; x_wconf 69' lang='lat' dir='ltr'><strong>moenere</strong></span> <span class='ocrx_word' id='word_1_263' title='bbox 578 3747 727 3803; x_wconf 72' lang='lat' dir='ltr'><strong>Maecilius</strong></span> <span class='ocrx_word' id='word_1_264' title='bbox 815 3748 965 3820; x_wconf 88' lang='lat' dir='ltr'><strong>mitescere]</strong></span> <span class='ocrx_word' id='word_1_265' title='bbox 985 3753 1193 3809; x_wconf 70' lang='lat' dir='ltr'><strong>moturescerec</strong></span> <span class='ocrx_word' id='word_1_266' title='bbox 1280 3753 1314 3808; x_wconf 84' lang='grc'><strong>13</strong></span> <span class='ocrx_word' id='word_1_267' title='bbox 1332 3753 1429 3808; x_wconf 84' lang='lat' dir='ltr'><strong>arbuta</strong></span> <span class='ocrx_word' id='word_1_268' title='bbox 1442 3753 1492 3810; x_wconf 80' lang='lat' dir='ltr'><strong>W·</strong></span> 
     </span>
    </p>
   </div>
   <div class='ocr_carea' id='block_1_5' title="bbox 407 3832 1549 3908">
    <p class='ocr_par' dir='ltr' id='par_1_5' title="bbox 407 3832 1549 3908">
     <span class='ocr_line' id='line_1_33' title="bbox 407 3832 1549 3908; baseline 0.004 -20"><span class='ocrx_word' id='word_1_269' title='bbox 407 3834 442 3888; x_wconf 83' lang='lat'><strong>19</strong></span> <span class='ocrx_word' id='word_1_270' title='bbox 453 3835 580 3904; x_wconf 74' lang='lat' dir='ltr'><strong>contagio</strong></span> <span class='ocrx_word' id='word_1_271' title='bbox 592 3832 704 3898; x_wconf 78' lang='lat' dir='ltr'><strong>WGV,</strong></span> <span class='ocrx_word' id='word_1_272' title='bbox 721 3833 913 3902; x_wconf 75' lang='lat' dir='ltr'><strong>contagiones</strong></span> <span class='ocrx_word' id='word_1_273' title='bbox 975 3835 1009 3890; x_wconf 76' lang='lat'><strong>21</strong></span> <span class='ocrx_word' id='word_1_274' title='bbox 1029 3839 1336 3908; x_wconf 79' lang='lat' dir='ltr'><strong>quantumut1tcntum</strong></span> <span class='ocrx_word' id='word_1_275' title='bbox 1355 3837 1395 3893; x_wconf 83' lang='lat' dir='ltr'><strong><em>W</em></strong></span> <span class='ocrx_word' id='word_1_276' title='bbox 1456 3841 1549 3894; x_wconf 83' lang='lat' dir='ltr'><strong>utito-</strong></span> 
     </span>
    </p>
   </div>
   <div class='ocr_carea' id='block_1_6' title="bbox 405 3917 1550 4420">
    <p class='ocr_par' dir='ltr' id='par_1_6' title="bbox 405 3917 1497 4080">
     <span class='ocr_line' id='line_1_34' title="bbox 405 3917 1497 3994; baseline 0.005 -20"><span class='ocrx_word' id='word_1_277' title='bbox 405 3917 708 3974; x_wconf 47' lang='lat' dir='ltr'><strong>rum..,riominusooc</strong></span> <span class='ocrx_word' id='word_1_278' title='bbox 723 3917 818 3974; x_wconf 80' lang='lat' dir='ltr'><strong>WGV</strong></span> <span class='ocrx_word' id='word_1_279' title='bbox 897 3921 932 3976; x_wconf 75' lang='lat'><strong>24</strong></span> <span class='ocrx_word' id='word_1_280' title='bbox 949 3921 1213 3992; x_wconf 78' lang='lat' dir='ltr'><strong>etpiusestorn.G</strong></span> <span class='ocrx_word' id='word_1_281' title='bbox 1292 3923 1497 3994; x_wconf 78' lang='lat' dir='ltr'><strong>paticusestG</strong></span> 
     </span>
     <span class='ocr_line' id='line_1_35' title="bbox 405 4003 1497 4080; baseline 0.005 -20"><span class='ocrx_word' id='word_1_282' title='bbox 405 4005 441 4060; x_wconf 72' lang='lat'><strong>25</strong></span> <span class='ocrx_word' id='word_1_283' title='bbox 453 4005 577 4060; x_wconf 83' lang='lat' dir='ltr'><strong>malitias</strong></span> <span class='ocrx_word' id='word_1_284' title='bbox 591 4005 730 4074; x_wconf 72' lang='lat' dir='ltr'><strong>irrogatas</strong></span> <span class='ocrx_word' id='word_1_285' title='bbox 739 4003 814 4072; x_wconf 78' lang='lat' dir='ltr'><strong>WV,</strong></span> <span class='ocrx_word' id='word_1_286' title='bbox 828 4007 965 4060; x_wconf 77' lang='lat' dir='ltr'><strong>maliciam</strong></span> <span class='ocrx_word' id='word_1_287' title='bbox 978 4007 1130 4078; x_wconf 85' lang='lat' dir='ltr'><strong>inrogatam</strong></span> <span class='ocrx_word' id='word_1_288' title='bbox 1143 4009 1200 4077; x_wconf 56' lang='lat' dir='ltr'><strong>cu·</strong></span> <span class='ocrx_word' id='word_1_289' title='bbox 1215 4011 1252 4078; x_wconf 80' lang='lat' dir='ltr'><strong>cs.</strong></span> <span class='ocrx_word' id='word_1_290' title='bbox 1262 4010 1297 4065; x_wconf 80' lang='lat' dir='ltr'><strong>dc</strong></span> <span class='ocrx_word' id='word_1_291' title='bbox 1306 4011 1392 4079; x_wconf 77' lang='lat' dir='ltr'><strong>lapsis</strong></span> <span class='ocrx_word' id='word_1_292' title='bbox 1400 4028 1430 4080; x_wconf 80' lang='lat' dir='ltr'><strong>p.</strong></span> <span class='ocrx_word' id='word_1_293' title='bbox 1441 4015 1497 4065; x_wconf 80' lang='lat'><strong>263</strong></span> 
     </span>
    </p>

    <p class='ocr_par' dir='ltr' id='par_1_7' title="bbox 405 4087 1550 4420">
     <span class='ocr_line' id='line_1_36' title="bbox 405 4087 1491 4165; baseline 0.004 -19"><span class='ocrx_word' id='word_1_294' title='bbox 405 4091 442 4146; x_wconf 76' lang='lat'><strong>26</strong></span> <span class='ocrx_word' id='word_1_295' title='bbox 459 4089 530 4159; x_wconf 88' lang='lat' dir='ltr'><strong>quod</strong></span> <span class='ocrx_word' id='word_1_296' title='bbox 542 4091 609 4146; x_wconf 88' lang='lat' dir='ltr'><strong>item</strong></span> <span class='ocrx_word' id='word_1_297' title='bbox 621 4107 650 4155; x_wconf 86' lang='lat' dir='ltr'><strong>e,</strong></span> <span class='ocrx_word' id='word_1_298' title='bbox 670 4087 742 4158; x_wconf 82' lang='lat' dir='ltr'><strong>quod</strong></span> <span class='ocrx_word' id='word_1_299' title='bbox 754 4093 783 4143; x_wconf 87' lang='lat' dir='ltr'><strong>ct</strong></span> <span class='ocrx_word' id='word_1_300' title='bbox 793 4090 889 4146; x_wconf 79' lang='lat' dir='ltr'><strong>malim</strong></span> <span class='ocrx_word' id='word_1_301' title='bbox 974 4093 1133 4162; x_wconf 72' lang='lat' dir='ltr'><strong>paulusoca</strong></span> <span class='ocrx_word' id='word_1_302' title='bbox 1154 4094 1181 4148; x_wconf 81' lang='lat' dir='ltr'><em>G</em></span> <span class='ocrx_word' id='word_1_303' title='bbox 1268 4099 1435 4165; x_wconf 78' lang='lat' dir='ltr'><strong>peccatorum</strong></span> <span class='ocrx_word' id='word_1_304' title='bbox 1453 4095 1491 4150; x_wconf 82' lang='lat' dir='ltr'><strong>G·</strong></span> 
     </span>
     <span class='ocr_line' id='line_1_37' title="bbox 405 4175 1549 4250; baseline 0.003 -16"><span class='ocrx_word' id='word_1_305' title='bbox 405 4177 440 4234; x_wconf 76' lang='grc'><strong>21</strong></span> <span class='ocrx_word' id='word_1_306' title='bbox 459 4175 668 4247; x_wconf 84' lang='lat' dir='ltr'><strong>poenitentiam]</strong></span> <span class='ocrx_word' id='word_1_307' title='bbox 681 4176 844 4246; x_wconf 87' lang='lat' dir='ltr'><strong>patientiam</strong></span> <span class='ocrx_word' id='word_1_308' title='bbox 862 4179 895 4231; x_wconf 82' lang='lat' dir='ltr'><strong><em>W</em></strong></span> <span class='ocrx_word' id='word_1_309' title='bbox 963 4177 1104 4250; x_wconf 85' lang='lat' dir='ltr'><strong>numquid]</strong></span> <span class='ocrx_word' id='word_1_310' title='bbox 1116 4178 1237 4250; x_wconf 80' lang='lat' dir='ltr'><strong>inquito</strong></span> <span class='ocrx_word' id='word_1_311' title='bbox 1304 4181 1340 4236; x_wconf 77' lang='lat'><strong>28</strong></span> <span class='ocrx_word' id='word_1_312' title='bbox 1357 4183 1549 4238; x_wconf 86' lang='lat' dir='ltr'><strong>sustinentiam</strong></span> 
     </span>
     <span class='ocr_line' id='line_1_38' title="bbox 407 4263 1550 4338; baseline 0.006 -21"><span class='ocrx_word' id='word_1_313' title='bbox 407 4269 436 4318; x_wconf 86' lang='lat' dir='ltr'><strong>et</strong></span> <span class='ocrx_word' id='word_1_314' title='bbox 453 4264 616 4334; x_wconf 72' lang='lat' dir='ltr'><strong>patientiam</strong></span> <span class='ocrx_word' id='word_1_315' title='bbox 633 4263 702 4332; x_wconf 86' lang='lat' dir='ltr'><strong>(cius</strong></span> <span class='ocrx_word' id='word_1_316' title='bbox 719 4263 785 4318; x_wconf 76' lang='lat' dir='ltr'><strong>odd.</strong></span> <span class='ocrx_word' id='word_1_317' title='bbox 803 4264 841 4332; x_wconf 82' lang='lat' dir='ltr'><strong>V)</strong></span> <span class='ocrx_word' id='word_1_318' title='bbox 856 4263 967 4329; x_wconf 79' lang='lat' dir='ltr'><strong>WGV,</strong></span> <span class='ocrx_word' id='word_1_319' title='bbox 985 4265 1164 4320; x_wconf 74' lang='lat' dir='ltr'><strong>sustinentiae</strong></span> <span class='ocrx_word' id='word_1_320' title='bbox 1176 4271 1205 4322; x_wconf 89' lang='lat' dir='ltr'><strong>et</strong></span> <span class='ocrx_word' id='word_1_321' title='bbox 1217 4268 1436 4338; x_wconf 73' lang='lat' dir='ltr'><strong>longanimitatis</strong></span> <span class='ocrx_word' id='word_1_322' title='bbox 1448 4271 1493 4324; x_wconf 80' lang='lat' dir='ltr'><strong>nel</strong></span> <span class='ocrx_word' id='word_1_323' title='bbox 1505 4287 1550 4324; x_wconf 88' lang='lat' dir='ltr'><strong>su·</strong></span> 
     </span>
     <span class='ocr_line' id='line_1_39' title="bbox 407 4347 1118 4420; baseline 0.001 -15"><span class='ocrx_word' id='word_1_324' title='bbox 407 4349 553 4406; x_wconf 87' lang='lat' dir='ltr'><strong>steutiunis</strong></span> <span class='ocrx_word' id='word_1_325' title='bbox 565 4353 594 4405; x_wconf 86' lang='lat' dir='ltr'><strong>et</strong></span> <span class='ocrx_word' id='word_1_326' title='bbox 607 4347 827 4420; x_wconf 77' lang='lat' dir='ltr'><strong>longanimitatis</strong></span> <span class='ocrx_word' id='word_1_327' title='bbox 838 4367 872 4418; x_wconf 87' lang='lat' dir='ltr'><strong>c‚·</strong></span> <span class='ocrx_word' id='word_1_328' title='bbox 891 4353 928 4417; x_wconf 78' lang='lat' dir='ltr'><strong>cf.</strong></span> <span class='ocrx_word' id='word_1_329' title='bbox 942 4356 1000 4406; x_wconf 79' lang='lat' dir='ltr'><strong>test.</strong></span> <span class='ocrx_word' id='word_1_330' title='bbox 1015 4351 1073 4406; x_wconf 87' lang='grc' dir='ltr'><strong>ΙΙΙ</strong></span> <span class='ocrx_word' id='word_1_331' title='bbox 1081 4355 1118 4406; x_wconf 83' lang='grc'><strong>35</strong></span> 
     </span>
    </p>
   </div>
   <div class='ocr_carea' id='block_1_7' title="bbox 0 0 2008 5050">
    <p class='ocr_par' dir='ltr' id='par_1_8' title="bbox 0 0 2008 5050">
     <span class='ocr_line' id='line_1_40' title="bbox 0 0 2008 5050; baseline 0 0"><span class='ocrx_word' id='word_1_332' title='bbox 0 0 2008 5050; x_wconf 95' lang='lat' dir='ltr'><strong> </strong></span> 
     </span>
    </p>
   </div>
  </div>
 </body>
</html>
