4234 5046
508 361 551 426 12
911 356 1063 416 Caecilii
1080 356 1246 430 Cypriani

406 549 410 556 ·
504 512 667 578 dicaturus
689 511 850 594 admittit,
866 514 899 580 et
920 514 958 580 at
977 531 1050 580 reus
1063 511 1209 580 mnocens
1223 513 1345 597 pereat,
1367 510 1406 578 fit
1418 528 1531 580 nocens
1544 511 1647 578 iudex.

503 615 641 702 flagrant
659 616 777 700 abique
807 616 924 683 delicta
945 620 978 684 et
1003 617 1123 702 passim
1153 615 1343 684 multiformi
1367 625 1477 702 genere
1501 613 1649 698 peccandi

505 737 562 804 per
574 718 733 803 improbas
747 721 868 788 mentes
880 737 992 788 necans
1006 719 1095 787 uirus
1109 719 1264 804 operatur.
1279 719 1331 787 bic
1339 719 1561 786 tetamentum
1573 719 1649 786 sub·

505 820 579 899 icit,
606 820 662 887 ille
683 821 799 887 falsum
828 821 957 905 capitali
978 823 1090 888 fraude
1111 821 1298 888 conscribit:
1320 821 1371 888 hic
1396 821 1540 888 uocatur
1559 820 1650 887 bere·

505 920 662 988 ditatibus
675 922 786 1002 liberi,
809 922 878 990 illic
892 921 982 990 bonis
1002 923 1159 990 donantur
1180 922 1293 990 alieni:
1315 922 1461 990 inimicus
1474 921 1648 1002 insimulat,
1670 936 1683 978 ⁸

506 1024 714 1090 calumniator
738 1026 907 1111 inpugnat,
938 1027 1031 1092 tostis
1057 1025 1201 1092 infamat.
1234 1025 1403 1108 utrubique
1428 1025 1590 1110 grassatur
1614 1024 1649 1088 in

506 1125 705 1192 mendaciinn
720 1127 889 1193 eniminum
901 1127 1092 1210 prostitutae
1105 1127 1193 1194 uocis
1207 1125 1328 1193 uenalis
1342 1124 1486 1205 audacia,
1510 1143 1582 1192 cum
1595 1124 1647 1192 in·

505 1229 601 1295 tanim
614 1231 760 1296 nocentes
774 1249 831 1296 nec
846 1248 917 1296 cum
931 1229 1151 1297 innocentibus
1164 1227 1303 1312 pereunt
1332 1228 1440 1295 nullus
1460 1226 1500 1294 de
1524 1227 1649 1312 lembus

506 1330 611 1396 metus
625 1331 688 1410 est,
710 1330 750 1398 de
774 1332 964 1415 queniam,
987 1331 1026 1397 de
1051 1329 1155 1397 iudice
1173 1349 1273 1415 pauor
1292 1329 1419 1396 nullus:
1441 1329 1524 1413 qnod
1543 1329 1649 1414 potest

505 1431 619 1498 redimi
640 1451 703 1500 non
728 1434 869 1500 timetur.
903 1452 971 1500 esee
998 1433 1064 1499 iam
1085 1433 1168 1500 inter
1187 1433 1331 1500 nocentes
1352 1431 1512 1498 innoxium
1533 1432 1650 1497 crimen
1658 1454 1685 1496 11

505 1536 569 1600 eet:
591 1535 692 1601 malos
714 1535 856 1620 quisquis
877 1553 939 1601 nou
959 1535 1108 1602 imitatur
1126 1533 1266 1600 offendit.
1296 1550 1474 1600 consensere
1494 1531 1649 1615 iurapeo·

505 1636 585 1702 cetia
605 1635 638 1702 et
662 1637 765 1720 coepit
784 1638 910 1704 licitum
931 1655 999 1704 cese
1021 1637 1105 1720 quod
1117 1634 1281 1720 publicum
1296 1638 1353 1703 est.
1377 1635 1447 1718 quie
1461 1634 1529 1702 illic
1542 1653 1648 1700 rerum

505 1735 621 1819 pudor,
643 1755 723 1820 quae
744 1757 811 1805 esse
832 1739 933 1823 possit
954 1737 1139 1822 integritas,
1162 1737 1217 1803 ubi
1240 1737 1295 1820 qui
1315 1736 1466 1804 damueut
1480 1737 1638 1820 improbos

506 1836 633 1918 desmt,
656 1838 716 1904 soli
737 1839 798 1906 tibi
819 1839 874 1922 qui
896 1839 1099 1919 omnen,
1123 1839 1310 1906 occurrunt?

457 1948 494 2013 ll
549 1937 611 2007 Sed
630 1959 686 2008 nes
706 1941 869 2008 uideamur
889 1943 1007 2026 eligere
1026 1941 1157 2008 fortasse
1177 1942 1284 2024 peiora
1297 1944 1330 2009 et
1344 1940 1448 2009 studio
1462 1939 1642 2008 damandi
1657 1966 1683 2010 re

505 2060 561 2125 per
575 2061 612 2108 ee
626 2043 730 2108 oculos
744 2045 815 2108 tuos
829 2043 951 2120 ducere,
966 2059 1099 2127 quornm
1110 2043 1214 2108 tristis
1225 2043 1326 2125 adque
1337 2042 1525 2108 unemundus
1535 2059 1643 2126 espec

504 2147 557 2212 tus
579 2163 634 2211 ore
655 2145 687 2210 et
708 2143 816 2211 uultus
838 2143 1043 2212 conscientiae
1063 2142 1204 2211 melioris
1230 2142 1386 2211 offendet:
1414 2141 1480 2210 iam
1500 2143 1561 2209 tibi
1582 2141 1641 2209 illa

505 2265 585 2328 quac
598 2245 775 2330 ignorantia
788 2246 954 2312 saecularia
975 2235 1056 2312 bona
1077 2244 1223 2330 opinatur
1252 2244 1424 2311 ostendam
1446 2245 1515 2310 illic
1545 2245 1644 2311 etiam

505 2345 656 2431 fugiende
669 2347 846 2429 conspicies.
869 2365 946 2430 qnos
960 2349 1089 2414 bonores
1103 2347 1197 2431 putas
1211 2364 1295 2426 esee,
1318 2364 1395 2430 quos
1408 2346 1525 2426 imeae,
1548 2365 1646 2429 quam

505 2446 688 2514 afluentiam
702 2447 735 2511 in
749 2447 888 2527 dinitbs,
905 2466 1002 2531 qnam
1016 2447 1191 2532 potentiam
1204 2447 1238 2513 in
1253 2448 1380 2527 castris,
1395 2451 1427 2513 in
1438 2447 1683 2532 magistratusue

506 2569 643 2634 purpura
663 2549 813 2634 speciem,
841 2549 875 2615 in
898 2549 1091 2634 principatus
1113 2549 1242 2616 licentia
1265 2549 1468 2634 potestatam:
1490 2549 1646 2616 malorum

507 2650 736 2716 blandientium
758 2651 845 2716 uirus
867 2652 1025 2717 occultum
1047 2651 1106 2731 est,
1128 2652 1161 2717 et
1181 2651 1352 2718 adridentie
1373 2651 1530 2734 nequitiae
1551 2650 1646 2718 mdes

506 2753 634 2834 quidem
644 2753 736 2832 laeta,
751 2755 807 2819 sed
818 2753 1006 2820 calamitatis
1017 2753 1179 2820 abstrusae
1192 2753 1383 2820 inlecebrosa
1396 2753 1530 2820 ullaeia
1547 2753 1646 2819 instar

506 2853 663 2936 quoddam
677 2854 798 2934 uenam,
812 2854 868 2921 ubi
882 2853 917 2920 in
930 2853 1040 2921 letales
1055 2871 1145 2920 sucos
1160 2853 1323 2922 dulcedine
1337 2873 1463 2940 aspersa
1474 2855 1647 2922 calliditate

558 3088 575 3146 1
593 3090 687 3159 pereat
698 3088 731 3144 dt
742 3103 839 3144 nocens
851 3089 940 3146 aad
996 3088 1201 3161 2lraglaut8¹
1280 3087 1380 3146 dilecta
1392 3091 1431 3147 ΡΙ
1499 3087 1647 3159 31111111]

506 3171 633 3227 subducit
645 3175 674 3230 P
725 3176 745 3234 5
762 3174 896 3230 donantur
907 3173 1126 3230 ecdeminantnr
1138 3177 1249 3230 171111
1300 3175 1412 3232 nli-eni
1428 3175 1463 3228 W
1505 3173 1648 3229 insimulat

506 3257 649 3314 cainailat
665 3259 776 3314 Wse2
828 3258 847 3316 6
865 3259 1051 3330 utrobiqueP
1102 3259 1289 3316 'Ieriminisc
1343 3258 1548 3329 interimlintcr
1565 3259 1599 3312 W

506 3342 526 3400 8
544 3342 699 3398 innocentes
717 3345 751 3397 W
815 3343 1032 3400 innocentio-bns
1048 3345 1082 3398 W
1097 3345 1168 3415 (curn
1193 3343 1351 3401 nocentibus
1371 3345 1524 3400 innocentes
1536 3345 1650 3414 percunt

506 3427 566 3482 eod.
578 3427 812 3498 Beneuentum)
875 3428 1184 3496 anniuersarias
1210 3432 1247 3495 W,
1265 3430 1336 3485 nulli
1347 3431 1387 3485 Ρι
1462 3429 1602 3498 tiquceito
1618 3430 1653 3483 W

506 3511 555 3566 aad
565 3513 599 3567 e'a
614 3514 742 3582 marciae
752 3529 820 3569 corr.
832 3531 867 3569 se
880 3517 916 3568 2.-
935 3514 1071 3583 qucaitore
1131 3514 1171 3573 10
1186 3517 1338 3570 unooentcs
1349 3515 1378 3570 P
1422 3513 1544 3568 criminis
1559 3512 1648 3568 onon

509 3597 545 3655 11
559 3597 621 3682 guis
638 3598 807 3668 quinquies,
826 3598 950 3670 quiaquia
966 3601 1010 3665 W,
1030 3598 1144 3670 quiaque
1156 3601 1185 3655 P
1258 3600 1294 3657 12
1311 3598 1447 3668 puplicum
1465 3598 1500 3650 W
1549 3598 1587 3656 13
1608 3597 1650 3652 in·

505 3669 612 3752 procot·
627 3683 661 3736 w
724 3684 762 3741 14
779 3683 925 3750 uniam,
938 3683 1043 3749 near,
1063 3683 1103 3740 rer
1124 3700 1141 3741 e
1226 3685 1262 3744 15
1280 3683 1327 3739 eoo
1340 3684 1436 3750 swa,
1460 3682 1507 3738 eo
1527 3698 1598 3740 noe

509 3768 546 3825 17
564 3768 688 3824 meliores
699 3769 740 3823 P¹
803 3775 870 3838 poet
881 3768 999 3824 offendat
1010 3769 1133 3824 detinni
1143 3785 1207 3824 eom
1223 3769 1248 3824 S
1325 3769 1365 3826 20
1382 3768 1550 3824 affluentiam
1566 3769 1600 3820 W

506 3853 705 3922 magistratum
718 3853 752 3919 S,
771 3853 964 3925 magistratum
989 3855 1035 3918 W,
1061 3852 1282 3923 magistratum
1304 3854 1417 3922 P(spur
1438 3855 1534 3922 arceb,
1561 3851 1648 3922 uragi-

507 3941 627 3993 atratue
705 3937 744 3996 21
761 3955 880 4009 purpura
898 3941 936 4002 W,
955 3953 1089 4008 purpurae
1102 3937 1167 3994 &Po
1227 3937 1395 4008 principatur
1408 3937 1521 4002 SWPl,
1548 3935 1649 4007 prinei·

507 4024 575 4092 patu
586 4023 655 4078 P¹o
719 4023 831 4079 licentia
847 4024 931 4088 WP',
950 4023 1077 4078 licentiae
1089 4021 1168 4080 SP'o
1225 4023 1254 4077 ia
1266 4025 1401 4094 potestate
1413 4023 1441 4078 P
1485 4023 1525 4080 22
1542 4025 1585 4078 eet
1599 4021 1648 4077 dc·

506 4107 624 4164 leudam
635 4115 727 4166 oeeset
743 4109 931 4166 Groaoeim
945 4125 967 4166 e.
976 4126 1007 4178 p.
1021 4111 1077 4165 321
1128 4111 1219 4165 11011
1242 4109 1282 4164 W
1340 4108 1380 4168 24
1397 4109 1493 4165 ueneni
1509 4111 1552 4164 eet
1573 4107 1648 4166 Gro-

508 4195 674 4252 eeouicsLa
727 4195 841 4250 laetalea
852 4195 1060 4262 SW¹,loetalce
1076 4197 1121 4250 W‘
1173 4194 1300 4265 adspersa
1320 4196 1353 4250 W
