4002 5050
685 409 731 462 Dc
748 423 847 478 opere
864 412 901 462 ct
918 409 1149 480 elecmosynis
1167 425 1189 464 c.
1208 411 1321 464 23-25.
1506 414 1577 480 ’393

435 569 542 633 menta
564 568 687 632 terrena
713 565 898 632 indumenta
922 566 1071 633 caelestia
1096 567 1262 650 recepturi.
1285 567 1395 634 demus
1415 567 1522 634 cibum
1542 571 1575 636 ot

434 671 546 754 potum
560 670 753 736 saecularem
768 688 839 734 cum
854 669 1016 734 Abraham
1032 672 1065 735 et
1079 671 1167 734 Isana
1181 672 1214 735 et
1229 671 1321 736 Iacob
1337 671 1378 736 ad
1393 671 1574 737 conuiuium

435 773 569 840 caeleste
583 773 718 838 uenturi.
735 791 773 838 ue
788 791 900 856 parum
915 776 1073 839 metamus
1086 774 1262 857 plurimum
1273 775 1471 841 seminemus.
1487 794 1576 843 secu-
1601 804 1604 810 ·

435 876 525 940 ritati
540 894 577 940 ac
591 876 687 940 saluti
701 878 843 940 aeternae
858 875 935 939 dum
950 877 1076 958 tempus
1091 879 1140 942 est
1154 879 1354 943 consulamus
1377 878 1478 943 Paulo
1501 896 1576 963 apo·

415 977 517 1042 sstolo
531 977 717 1043 admonente
739 979 771 1043 et
793 977 931 1042 dicente:
966 996 1060 1062 ergo
1083 977 1170 1043 dnm
1192 981 1347 1062 tempus
1370 979 1573 1059 babemus,

436 1098 642 1162 operemur
662 1080 760 1162 quod
783 1080 921 1145 bonum
944 1084 1007 1145 est
1027 1081 1072 1145 ad
1094 1098 1240 1158 omnes,
1262 1083 1427 1147 maxime
1448 1087 1579 1149 autem

437 1183 483 1248 ad
514 1182 754 1248 domesticos
787 1181 899 1247 fidei.
938 1182 1077 1248 bonum
1111 1187 1244 1248 autem
1278 1184 1473 1250 facientes
1507 1205 1579 1252 non

437 1285 689 1362 deficiamus,
712 1286 888 1366 tempore
915 1284 1015 1350 euim
1038 1303 1107 1350 suo
1129 1288 1334 1352 metemus.

480 1386 678 1473 Cogitemus,
694 1387 806 1452 stabas
821 1387 1039 1464 dilectissimi,
1055 1389 1130 1470 quid
1147 1389 1206 1454 sub
1222 1389 1372 1471 apostolis
1387 1391 1498 1456 t'cccrit
1512 1409 1579 1456 ere·
1590 1385 1630 1446 25

402 1489 580 1556 rodentium
594 1490 746 1574 populus,
769 1489 892 1570 quando
915 1484 998 1556 iuter
1019 1491 1089 1574 ipsa
1102 1491 1274 1574 primordio
1288 1492 1460 1558 maioribus
1476 1493 1580 1558 uirtu-

437 1595 523 1660 tibus
538 1612 626 1659 meus
648 1592 796 1678 uigebat,
819 1594 942 1674 quondo
965 1594 1160 1659 credentium
1182 1594 1259 1659 fides
1281 1614 1361 1660 nouo
1384 1595 1486 1660 sdlruc
1507 1595 1579 1660 fidoi

437 1697 539 1762 calore
553 1695 705 1761 feruebat.
720 1695 881 1761 domicilia
895 1698 971 1760 tuuc
987 1698 1021 1761 et
1034 1696 1163 1779 praedia
1174 1694 1398 1761 ueuundabaut
1409 1700 1441 1761 et
1452 1697 1578 1779 dispen-

438 1799 569 1866 sondam
583 1798 773 1880 pauperibus
785 1799 996 1881 quantitatem
1011 1799 1146 1865 libenter·
1161 1819 1198 1865 ac
1212 1800 1343 1883 largiter
1356 1801 1508 1882 apostolis
1523 1801 1579 1865 ob-

438 1900 595 1978 terebant,
611 1903 733 1965 terreno
746 1901 937 1983 patrimonio
951 1899 1080 1964 uendite
1096 1900 1197 1982 adque
1212 1900 1363 1966 distracto
1378 1900 1490 1966 surdos
1502 1902 1580 1966 illuc

404 2023 429 2063 rs
439 2003 663 2069 transferentes
689 2004 745 2069 ubi
771 2002 894 2068 fructus
921 2005 1066 2085 caperent
1091 2003 1295 2086 possessionis
1320 2005 1478 2082 aeternae,
1512 2003 1580 2069 illio

439 2107 653 2188 comparantes
679 2105 787 2171 domos
814 2104 870 2170 ubi
896 2104 1070 2188 inciperent
1094 2123 1217 2189 semper
1237 2105 1389 2170 babitare.
1413 2106 1489 2171 telis
1505 2109 1580 2173 tunc

440 2207 502 2272 init
527 2208 561 2272 in
587 2207 818 2290 operationibus
843 2206 989 2271 cumulus
1020 2207 1124 2288 qualis
1149 2208 1182 2272 in
1210 2207 1378 2272 dilectione
1404 2225 1579 2288 consensus,

439 2309 521 2372 sicut
544 2308 680 2392 legimus
707 2309 739 2373 in
766 2309 857 2374 Actis
884 2310 1114 2390 apostolorum:
1148 2310 1268 2375 turba
1289 2311 1421 2376 eutem
1450 2330 1579 2378 eorum

440 2411 506 2490 qui
540 2412 789 2476 crediderant
820 2411 952 2476 anima
985 2431 1028 2476 ao
1061 2416 1189 2478 menta
1223 2433 1300 2477 una
1322 2415 1583 2496 agebantnee

404 2510 519 2581 soluit
541 2514 646 2578 iuter
667 2513 760 2578 illos
781 2513 995 2578 discrimen
1016 2513 1143 2579 ullum
1165 2533 1232 2578 nee
1247 2515 1459 2596 quicquam
1474 2535 1583 2580 suum

440 2615 672 2682 iudicabant
694 2635 736 2680 er
758 2615 868 2680 bonis
891 2633 989 2696 quse
1011 2615 1068 2680 eis
1091 2617 1216 2692 eraut,
1232 2615 1297 2679 sed
1319 2614 1479 2680 fuerunt
1495 2615 1584 2680 illis

441 2719 569 2784 omnia
590 2719 817 2784 communie.
840 2719 899 2782 boc
914 2721 963 2783 est
977 2717 1146 2782 natiuitate
1161 2717 1299 2800 spiritali
1314 2737 1388 2783 uere
1402 2717 1462 2783 Dei
1477 2719 1580 2784 filium

441 2820 527 2898 lieri,
550 2821 608 2886 boc
623 2825 672 2886 est
686 2820 756 2904 lege
771 2821 898 2886 caelesti
913 2821 1108 2902 aequitatem
1123 2820 1182 2885 Dei
1198 2821 1296 2902 petris
1317 2821 1449 2885 imitari.
1485 2821 1583 2902 quod·

441 2941 576 3006 cumque
589 2923 673 2988 euim
690 2923 748 2989 Dei
775 2925 823 2988 est
848 2921 882 2988 in
908 2926 1015 2989 nostra
1041 2923 1244 3005 usurpatione
1260 2925 1505 3002 commoneam,
1528 2943 1585 2990 nec

406 3049 432 3089 a
442 3024 608 3107 quiequam
632 3045 651 3089 e
671 3025 828 3090 beneficiis
844 3025 911 3089 eius
927 3029 960 3090 st
974 3027 1157 3090 muneribus
1173 3027 1296 3090 arcetur
1310 3027 1479 3106 quominus
1493 3044 1584 3091 omne

441 3127 615 3192 humanum
630 3145 728 3210 genus
742 3127 884 3192 bonitate
906 3147 942 3191 ao
962 3125 1114 3211 largitate
1130 3127 1239 3191 diuina
1254 3126 1428 3208 aequaliter
1442 3127 1584 3210 perfrua-

441 3232 505 3296 tur.
528 3231 574 3296 sic
588 3231 761 3313 acqualiter
775 3231 843 3296 dios
856 3230 1010 3308 luminat,
1034 3232 1081 3295 sol
1097 3231 1217 3307 radiet,
1233 3231 1334 3296 imber
1348 3230 1449 3314 rigat,
1471 3236 1584 3296 uentus

442 3331 599 3415 adspirat,
621 3335 654 3398 et
667 3332 897 3399 dormientibus
912 3351 1040 3398 somnus
1056 3351 1137 3397 unus
1153 3335 1223 3409 est,
1247 3335 1279 3396 et
1299 3331 1463 3396 stellarum
1478 3333 1584 3415 splen·

442 3435 499 3499 dor
512 3454 549 3500 ac
562 3436 656 3502 lunae
670 3436 845 3501 communis
867 3439 924 3500 est.
948 3454 1009 3517 quo
1036 3436 1240 3518 aequalitatis
1265 3435 1406 3518 exemplo
1432 3435 1487 3516 qui
1512 3451 1584 3516 pos-

407 3555 544 3604 assessor
565 3539 599 3602 in
614 3538 708 3603 terris
723 3537 895 3603 rediturae
910 3539 1030 3603 fructos
1046 3555 1119 3603 suos
1134 3557 1206 3603 curn
1222 3537 1420 3602 fraternitate
1435 3536 1583 3617 partitur,

547 3707 566 3761 5
583 3706 644 3761 Gal.
657 3709 682 3771 6,
696 3707 737 3762 10.
750 3707 775 3760 9.
831 3705 865 3760 18
882 3707 941 3761 not
955 3709 982 3770 l,
993 3707 1036 3762 32.

496 3843 809 3914 remansissemus.
828 3843 891 3898 We
944 3841 1142 3898 brnoncuth
1194 3841 1585 3912 dmetemuslodd.1⁴'²:uon

445 3929 558 3998 fatigati
612 3930 647 3984 14
658 3933 739 4000 etque
751 3929 884 3984 dietrwto
897 3929 995 3984 iuudos
1005 3931 1067 3985 We.
1077 3930 1095 3984 l.
1108 3933 1175 3983 M
1227 3929 1261 3984 15
1272 3929 1376 3983 fructus
1388 3927 1534 3982 iructusG

444 4015 478 4069 21
497 4015 676 4069 uindicabsnt
691 4016 717 4070 V
768 4015 871 4068 fuerint
887 4015 924 4068 0¹
981 4015 1017 4068 22
1035 4015 1135 4069 fllioev
1199 4014 1234 4068 23
1252 4013 1361 4067 imitere
1378 4013 1416 4066 G·
1475 4013 1510 4066 25
1527 4012 1586 4066 cius

445 4101 484 4172 et]
498 4099 566 4156 ποθ’
612 4101 647 4156 27
666 4099 894 4164 lumiuatFWV,
907 4100 1107 4156 iulurniuatGo
1160 4097 1245 4170 rigat]
1258 4097 1399 4154 irroratt'
1457 4097 1587 4166 28pn'uc

444 4187 578 4245 etooaG
625 4189 660 4243 29
678 4186 829 4243 estora&
877 4187 1026 4257 quc]eo(r'
1085 4185 1304 4258 seqnimisWo
1356 4184 1588 4242 minentior

445 4291 468 4330 s.
481 4277 497 4328 l.
508 4278 585 4338 Μ,
605 4275 633 4328 in
644 4275 726 4328 terris
738 4277 780 4328 cet
798 4275 837 4328 θ’
