3994 5044
709 387 755 443 Dc
772 385 943 443 dominica
960 387 1120 442 erutione
1138 402 1160 442 o.
1179 387 1292 442 31-33.
1511 389 1573 454 291

429 561 558 626 :sempor
572 541 714 624 operanti
728 542 856 608 adstitit
871 541 992 606 dicens:
1008 559 1124 623 opera
1138 541 1209 606 Dei
1232 541 1411 607 reuelare
1434 545 1472 606 et
1492 561 1576 606 oon·

435 643 554 710 litori
585 645 851 711 honorificum
886 648 954 710 est.
990 663 1074 709 nam
1108 644 1258 726 quando
1292 645 1432 710 orabas
1464 650 1506 712 tu
1539 647 1577 710 et

436 744 569 826 Sarra,
604 764 671 832 ego
705 749 835 829 optuli
868 747 1092 814 memoriam
1125 747 1318 813 orationis
1353 749 1510 812 uestrae
1538 747 1577 811 in

437 851 652 932 conspectu
676 850 882 917 claritatis
904 851 990 915 Dei:
1027 853 1065 915 ot
1092 868 1177 916 cum
1199 849 1397 932 sepelires
1419 851 1461 914 tu
1484 867 1578 917 nuor-
1663 842 1669 852 '

396 975 414 1014 s
438 953 527 1017 tuos
548 953 810 1036 simpliciter,
834 955 874 1018 ot
896 953 1084 1037 quianon
1106 971 1144 1018 es
1167 953 1376 1019 cunctatus
1391 970 1580 1038 exurgere

438 1057 477 1118 et
499 1055 775 1137 derelinquere
797 1057 1004 1140 prandium
1019 1059 1142 1132 tuum,
1158 1055 1224 1121 sed
1245 1055 1369 1120 abisti
1392 1057 1431 1120 et
1453 1053 1580 1120 eondi-

438 1156 538 1222 disti
560 1161 772 1238 mortuum,
807 1161 845 1225 et
867 1159 1020 1225 missus
1042 1179 1121 1225 sum
1147 1159 1342 1241 temptare
1367 1159 1421 1222 te:
1450 1159 1489 1222 et
1511 1155 1582 1223 ite·

438 1279 521 1324 rum
546 1279 603 1325 mo
622 1262 1006 1329 misitDeuscururo
1027 1265 1065 1328 te
1087 1266 1125 1328 et
1140 1261 1292 1328 Sarrum
1314 1280 1450 1326 nurum
1466 1262 1581 1326 tuam.

438 1381 508 1446 ego
541 1363 642 1427 enim
673 1384 755 1429 sum
789 1365 977 1448 raphael,
1019 1385 1117 1431 unus
1152 1385 1197 1431 ex
1234 1367 1388 1448 septem
1424 1363 1582 1448 angelis

404 1465 563 1532 ruiustis
586 1468 652 1548 qui
674 1468 914 1534 adsistimus
938 1471 976 1534 ot
998 1486 1278 1535 conuersamur
1306 1470 1394 1533 ante
1416 1465 1584 1532 clarita·

440 1567 519 1633 tom
541 1567 620 1633 Dei.
645 1587 701 1650 per
715 1570 842 1647 Esaiam
853 1589 974 1654 quoque
986 1571 1140 1636 Dominus
1156 1571 1303 1635 admonet
1318 1572 1349 1634 et
1365 1571 1456 1634 docet
1466 1569 1585 1634 similia

440 1673 634 1750 contestans,
662 1674 787 1750 solue,
822 1671 941 1755 inquit,
976 1690 1124 1740 omnem
1156 1673 1297 1739 nodum
1331 1670 1584 1741 iniustitiae.

442 1776 598 1843 rosoluo
626 1775 914 1842 suffocationes
947 1777 1214 1858 inpotentium
1248 1775 1586 1841 commerciorum:

443 1877 604 1944 dimitto
627 1879 836 1962 quassatos
858 1879 896 1944 in
919 1880 1093 1960 requiem
1128 1881 1166 1944 et
1199 1897 1348 1944 omnem
1382 1877 1587 1961 consigna·

405 1981 593 2047 ustionem
627 1982 821 2047 iniustam
852 1982 1025 2064 dissipa:
1049 1983 1184 2066 lrango
1218 1981 1417 2047 esurienti
1451 1998 1588 2062 panem

443 2085 552 2148 tuum
586 2085 624 2147 et
654 2101 799 2170 egenos
831 2085 921 2149 sino
954 2086 1066 2150 teoto
1089 2083 1205 2150 induc
1227 2085 1269 2148 in
1291 2085 1444 2148 domum
1466 2085 1587 2148 tuam:

443 2185 477 2250 si
500 2186 655 2251 uideris
677 2188 836 2264 nudum,
871 2187 978 2251 uasti
1009 2188 1048 2251 et
1077 2186 1317 2252 domesticos
1345 2186 1508 2252 seminis
1530 2187 1589 2250 tui

443 2305 516 2352 non
551 2289 755 2370 despicies.
792 2291 885 2354 tuno
918 2290 1095 2370 erumpet
1128 2291 1425 2370 temporaneum
1459 2287 1589 2352 lumen

444 2391 554 2454 tuum
580 2393 618 2455 et
640 2389 880 2456 uestimenta
912 2391 983 2455 tua
1016 2391 1097 2456 cito
1131 2390 1317 2456 orientur
1348 2392 1386 2456 et
1414 2389 1591 2472 praeibit

408 2494 537 2557 eosnte
561 2494 597 2556 te
618 2492 785 2558 iustitia
807 2494 846 2558 et
869 2492 1119 2558 claritasDei
1143 2492 1408 2558 circumdabit
1429 2495 1476 2558 te.
1501 2494 1592 2558 tune

445 2593 706 2674 exclamabis,
730 2596 768 2660 et
788 2594 893 2662 Deus
915 2595 1104 2662 exaudiet
1126 2597 1179 2660 te:
1201 2594 1289 2660 dum
1313 2594 1440 2660 adhuc
1463 2595 1592 2677 loque-

446 2696 523 2774 ris,
547 2696 665 2762 dicit:
690 2716 773 2763 ecoe
796 2698 940 2763 adsum.
973 2698 1081 2764 adesse
1103 2715 1136 2762 so
1158 2697 1352 2778 repromittit
1372 2700 1406 2762 et
1427 2697 1535 2762 audire
1556 2716 1593 2763 ao

445 2800 612 2882 protegere
627 2817 661 2864 se
676 2817 728 2864 eos
744 2799 822 2864 dicit
838 2801 891 2881 qui
907 2798 1082 2866 iniustitiae
1097 2798 1193 2864 nodos
1209 2800 1247 2863 de
1270 2798 1360 2864 corde
1384 2799 1539 2864 soluentes
1561 2800 1594 2863 et

446 2899 663 2984 eleemosynas
690 2901 772 2968 circa
798 2902 985 2968 domesticos
1011 2901 1071 2968 Dei
1098 2903 1270 2968 secundum
1286 2901 1352 2966 eius
1367 2905 1531 2984 praecepta
1545 2902 1594 2968 la·

405 3000 581 3081 escientes,
606 3004 682 3068 dum
704 3004 839 3069 audiunt
861 3005 943 3087 quod
957 3004 1045 3070 Deus
1068 3005 1222 3087 praecipit
1244 3003 1327 3078 lieri,
1350 3004 1411 3088 ipsi
1434 3023 1554 3086 quoque
1577 3023 1595 3069 a

446 3102 514 3167 Deo
531 3108 692 3171 merentur
706 3107 818 3172 audiri.
843 3106 952 3172 beatus
963 3107 1125 3189 apostolus
1138 3105 1257 3170 Paulus
1269 3107 1302 3170 in
1313 3106 1497 3170 necessitate
1509 3125 1595 3188 pres·

445 3223 538 3272 surae
566 3209 695 3275 adiutus
722 3228 740 3275 a
767 3209 919 3276 fratribus
945 3226 1038 3292 opera
1065 3227 1144 3292 quae
1172 3207 1252 3274 liunt
1266 3207 1422 3274 sacrificia
1438 3207 1501 3274 Deo
1517 3207 1597 3274 dixit

446 3324 522 3373 osse.
559 3311 770 3376 saturatus
798 3328 898 3388 sum,
937 3311 1058 3394 inquit,
1093 3307 1291 3392 recipiens
1322 3308 1367 3372 ub
1397 3308 1596 3391 Epaphro-

445 3409 533 3474 dito
557 3430 598 3476 ea
620 3431 715 3495 qrrse
737 3433 756 3478 a
779 3413 894 3478 uobis
917 3413 1038 3478 missa
1060 3413 1168 3492 sunt,
1194 3412 1330 3478 odores
1354 3409 1596 3485 suauitatis,

556 3598 571 3651 1
590 3597 655 3652 rob.
672 3599 712 3663 12,
727 3601 758 3654 11
773 3615 812 3670 sq.
869 3601 903 3655 12
921 3601 964 3655 tls.
977 3601 1021 3666 58,
1034 3601 1051 3655 6
1065 3617 1104 3670 sq.
1161 3603 1197 3656 28
1217 3600 1287 3654 Phil.
1301 3601 1327 3662 4,
1341 3601 1381 3655 la

505 3751 520 3803 1
538 3753 663 3820 operanti
681 3767 716 3806 ea
733 3753 825 3806 orsnti
839 3754 878 3808 W
889 3756 955 3808 Μ
1025 3753 1139 3808 adstitit
1151 3755 1184 3819 S,
1204 3754 1284 3810 testis
1303 3753 1358 3807 luit
1378 3752 1454 3807 WGo
1533 3749 1599 3805 role-

451 3835 554 3893 nares
602 3838 783 3908 duelinquors
796 3837 831 3902 82
846 3839 882 3908 es.
892 3857 921 3908 p.
936 3841 1001 3904 303,
1017 3843 1052 3894 10
1105 3839 1222 3895 condicti
1236 3838 1312 3904 SW,
1326 3837 1493 3909 sepelistiG
1544 3835 1600 3890 iet

450 3922 551 3976 missus
564 3921 633 3987 sW,
648 3925 748 3977 missus
761 3923 804 3978 θυ
856 3925 919 3979 aee
934 3925 1030 3980 Wal.
1043 3929 1105 3980 Μ
1158 3925 1265 3994 nurum}
1278 3923 1421 3979 uxorcmG
1473 3923 1508 3976 10
1519 3923 1600 3976 iustis

450 4007 546 4062 cradi
616 4008 805 4066 tresclens
873 4009 1139 4068 reomaenses
1208 4011 1242 4064 14
1259 4008 1377 4080 requsS
1446 4011 1480 4064 18
1497 4009 1600 4077 tempo-

451 4095 603 4150 ranumW
651 4095 689 4149 20
704 4097 835 4151 teom.S
884 4097 1053 4152 iustitiatua
1070 4097 1108 4152 θ’
1161 4099 1194 4152 21
1208 4101 1236 4151 ct
1247 4095 1341 4152 dumo
1392 4097 1428 4149 22
1446 4093 1514 4149 dicit
1527 4093 1600 4157 80¹.

454 4179 515 4234 dico
528 4181 566 4245 W,
578 4179 650 4235 dicet
666 4180 722 4237 G'v
775 4181 868 4237 adsere
880 4181 1029 4251 seletsese
1044 4183 1083 4239 W
1133 4183 1306 4254 repromittet
1319 4182 1364 4248 W,
1378 4179 1551 4251 promittitG

450 4266 662 4322 ewulm
714 4267 750 4322 25
763 4268 933 4338 praesepiis
981 4269 1361 4338 aloperaedopersbonaa
1414 4265 1550 4322 deiWGu

453 4351 491 4406 28
510 4351 661 4424 epalrodito
675 4353 766 4410 SWG
817 4353 852 4409 29
869 4353 962 4410 odores
976 4355 1005 4422 S,
1018 4355 1097 4410 odore
1113 4355 1163 4418 W,
1182 4353 1290 4410 odorem
1308 4353 1349 4409 Gr

1334 4441 1397 4510 19*
