4002 5050
607 1239 689 1338 nli
720 1240 890 1338 BONO
922 1241 1228 1340 ΡΑΤΙΕΝΤΙ
1281 1241 1328 1339 Ε.

441 1507 505 1617 De
519 1550 675 1632 patientia
688 1551 866 1648 locuturus,
891 1549 1003 1616 frati-es
1020 1550 1236 1629 dilectissimi,
1252 1552 1285 1616 et
1300 1551 1455 1617 utilitates
1472 1552 1568 1628 oiusi

401 1655 433 1717 et
456 1653 620 1718 oommoda
646 1653 883 1736 praedicaturus
909 1653 990 1717 itudo
1016 1653 1122 1734 potius
1148 1653 1317 1736 incipiam,
1340 1672 1434 1736 quum
1455 1654 1538 1736 quod

400 1775 482 1821 runo
497 1773 619 1838 quoque
633 1755 673 1820 nd
689 1754 884 1819 audientium
899 1755 1036 1818 uestrum
1048 1753 1233 1838 patientiam
1245 1754 1336 1820 uideo
1352 1772 1418 1821 esse
1432 1773 1538 1820 nemo-

365 1879 377 1914 ι
401 1857 531 1934 soriam,
554 1857 591 1919 ut
612 1874 669 1921 neo
691 1856 749 1920 hoo
771 1855 876 1939 ipsum
892 1855 973 1936 quod
989 1855 1106 1920 auditis
1121 1856 1154 1920 et
1169 1855 1291 1921 discitis
1306 1856 1372 1920 sino
1385 1857 1538 1938 patientie

402 1957 500 2022 dooere
514 1957 665 2041 possitis?
679 1960 755 2022 tunc
769 1959 853 2022 euim
868 1957 996 2022 demum
1010 1975 1111 2023 sermo
1127 1960 1159 2022 st
1174 1957 1256 2024 ratio
1270 1957 1417 2024 solutoris
1433 1957 1538 2024 sidon-

401 2057 480 2124 oiter
494 2059 642 2136 discitur,
666 2060 693 2126 si
720 2060 876 2143 patienter
901 2060 983 2140 quod
1009 2060 1124 2124 dieitur
1150 2060 1305 2127 audietur.
1327 2080 1384 2127 noo
1403 2061 1538 2132 inuenio.

399 2161 511 2227 fratres
526 2162 741 2238 dilectissimi,
764 2161 847 2226 inter
868 2165 985 2227 cetorns
1007 2162 1190 2245 disciplinas
1212 2163 1354 2229 oaelestis
1376 2163 1445 2228 uias
1467 2163 1539 2245 qui-

400 2264 460 2329 bus
481 2265 521 2330 nd
545 2264 759 2347 consequendo
774 2264 927 2330 diuinitus
942 2267 1081 2348 praemit
1096 2265 1163 2349 spei
1178 2285 1214 2331 oo
1229 2265 1302 2331 fidei
1315 2267 1439 2331 nostroe
1454 2267 1539 2330 seete

366 2393 391 2431 ιι
402 2367 552 2450 dirigitur
566 2365 641 2448 quid
658 2367 760 2450 magis
775 2365 818 2430 sit
835 2367 885 2430 uel
901 2366 1011 2432 utilius
1026 2367 1066 2432 od
1081 2367 1184 2433 uitam
1206 2367 1257 2433 uel
1279 2368 1382 2432 maius
1404 2367 1445 2432 nd
1468 2369 1539 2452 glo·

401 2469 483 2534 riom
494 2487 589 2552 quum
606 2469 710 2550 utqui
726 2468 897 2552 praeseptis
913 2469 1077 2534 dominicis
1092 2469 1239 2552 obsequio
1253 2470 1377 2536 timoris
1393 2489 1428 2536 ao
1443 2470 1538 2534 deuo·

404 2573 499 2637 tionis
520 2571 688 2636 innitimur
709 2571 895 2652 patientiam
919 2573 1053 2637 maximo
1068 2575 1135 2638 tota
1150 2573 1367 2639 obseruatione
1383 2575 1537 2638 tueamur.

445 2675 536 2740 Heus
562 2694 595 2740 se
621 2675 733 2740 sectari
760 2673 937 2756 philosophi
964 2691 1085 2756 quoque
1099 2675 1300 2758 profitentur,
1323 2676 1376 2740 sed
1392 2675 1458 2738 tem
1473 2666 1571 2736 iiiios

403 2776 654 2858 patientiarum
675 2779 723 2842 est
744 2796 839 2858 quem
863 2779 895 2841 et
918 2776 998 2842 salsa
1020 2777 1174 2860 sapientie
1196 2780 1254 2844 ost.
1277 2779 1359 2842 uude
1382 2777 1465 2842 onim
1488 2775 1541 2840 uel

368 2877 526 2960 insapiens
541 2895 608 2943 esse
623 2879 674 2942 noi
690 2879 811 2961 potions
826 2878 925 2961 possit
940 2879 995 2960 qui
1010 2897 1066 2943 neo
1080 2879 1268 2960 sapientium
1284 2897 1340 2944 neo
1351 2878 1539 2960 patientiam

402 2979 462 3044 Dsi
477 2979 589 3045 nouit?
605 2978 726 3062 quando
741 2979 807 3060 ipse
823 2979 861 3044 ds
876 2979 925 3044 iiis
941 2979 995 3061 qni
1011 2979 1073 3044 sibi
1088 2999 1194 3064 supere
1209 2981 1242 3045 in
1256 2980 1373 3045 mundo
1395 2979 1542 3044 uidentur

402 3085 530 3146 monost
553 3083 586 3146 et
612 3081 717 3145 diost:
755 3082 916 3163 perdum
954 3083 1195 3163 sapientiem
1228 3081 1468 3164 sapientium
1502 3081 1541 3145 et

405 3181 657 3263 prudentiam
681 3183 935 3264 prudentium
959 3185 1200 3267 reprobabo,
1234 3185 1312 3249 item
1334 3183 1445 3247 boatus
1466 3199 1542 3264 opo·

402 3285 502 3349 stolus
524 3284 643 3349 Paulus
669 3285 778 3366 plenus
805 3283 924 3368 Spiritu
951 3287 1057 3352 sancto
1083 3288 1115 3351 et
1140 3285 1288 3351 nouandis
1310 3283 1541 3366 formandisque

368 3385 551 3466 terentibus
568 3387 683 3452 missus
700 3387 892 3452 contestetur
907 3391 939 3452 et
954 3389 1091 3453 instrunt
1106 3389 1228 3453 diosus:
1251 3387 1386 3454 uidete
1408 3406 1452 3452 ne
1475 3386 1538 3469 qui

507 3572 995 3642 mmmm.mmmmu

454 3756 566 3798 snorum
591 3757 628 3796 ori
654 3757 738 3796 suurn
761 3743 811 3806 W,
844 3757 954 3798 rusorum
978 3757 1014 3798 ns
1038 3758 1193 3798 rurrsrrrn
1220 3727 1273 3798 uffo
1291 3757 1359 3800 viru
1380 3758 1412 3797 is·
1431 3724 1490 3796 κῖἇ
1502 3741 1541 3804 (ἔς

401 3829 437 3894 cl.
454 3827 538 3898 cypr.
558 3829 636 3896 epist.
651 3831 687 3883 73
705 3845 727 3882 c.
738 3831 792 3880 26:
812 3831 920 3898 proptor
932 3828 981 3882 hoo
999 3829 1083 3883 etiem
1103 3827 1227 3884 libellum
1244 3845 1315 3884 nnnc
1332 3829 1370 3884 de
1387 3829 1472 3882 bono
1492 3843 1542 3888 oe·

400 3913 552 3968 tientise
571 3917 702 3983 quantum
723 3913 812 3968 uoluit
823 3916 917 3967 nosti-n
929 3913 1111 3969 mediocritas.
1123 3955 1129 3967 .
1141 3914 1363 3986 .oonsoripsimus
1414 3915 1431 3968 4
1443 3915 1542 3968 eudon-

399 4000 519 4056 tiomW
570 3999 734 4055 orsomn.V
782 3999 866 4054 dhon
878 4015 928 4054 mn.
945 4001 984 4056 W
1033 4001 1241 4060 TinuenioW
1289 4001 1542 4056 Sooelostisdisni-

401 4085 519 4154 ptinoeo
572 4085 607 4140 10
618 4085 743 4140 »utilius
756 4087 795 4140 W
846 4085 880 4138 13
891 4087 1007 4155 quoque}
1020 4087 1119 4156 quiquo
1132 4087 1159 4141 V
1209 4089 1243 4142 14
1261 4091 1385 4156 esttpon
1398 4087 1541 4156 sapientie}

400 4169 493 4224 mn
593 4155 1277 4243 mmmmmmmetwm
1364 4173 1544 4241 mmm

400 4260 492 4312 neoto
580 4257 719 4310 hominum
734 4258 899 4325 sapientium
916 4256 940 4308 V
1043 4257 1079 4312 20
1095 4261 1264 4313 mnteetetnr
1275 4261 1304 4312 et
1316 4259 1430 4314 iustruit
1447 4260 1483 4311 G·

403 4341 463 4410 spuis
479 4341 521 4396 Gn
