4002 5050
693 378 738 431 Do
756 392 856 447 oporc
873 381 907 432 at
924 377 1149 448 eleemosynis
1168 395 1189 433 c.
1209 379 1320 435 16-1u
1507 383 1571 450 387

435 529 493 596 ris
516 549 591 595 non
614 529 787 597 deficiet
809 531 849 597 et
870 549 1053 614 capsaces
1075 533 1152 599 olei
1180 551 1253 600 non
1275 533 1431 599 minuet
1452 553 1572 618 usque

436 633 601 699 indiam
625 651 698 716 quo
721 633 835 699 dabit
857 635 1047 701 Dominus
1076 635 1244 702 imbrem
1272 655 1387 719 super
1414 637 1570 703 terram.

437 737 608 802 secundum
623 737 748 802 diuinos
762 737 1000 819 pollicitationis
1015 738 1108 803 iidem
1124 739 1338 820 multiplicata
1359 741 1434 804 sunt
1456 739 1570 806 uiduae

438 841 470 905 et
485 839 645 904 cumulata
658 857 738 922 qnae
763 839 924 922 praestitit
950 841 983 906 et
1007 839 1152 923 operibus
1177 841 1271 907 iustis
1291 859 1328 906 ao
1342 841 1573 907 misericordiae

403 953 415 992 ⁵
438 941 561 1008 meritis
586 943 757 1027 augmenta
783 944 815 1008 et
839 943 1031 1010 incrementa
1055 942 1252 1010 sumentibus
1266 943 1359 1010 farris
1375 946 1407 1010 et
1421 943 1482 1011 olei
1498 963 1574 1011 uasa

438 1043 581 1127 conpleta
605 1047 687 1110 sunt.
710 1063 767 1111 nec
792 1045 868 1111 filiis
894 1045 1028 1111 abstulit
1050 1047 1152 1111 mater
1166 1046 1249 1128 quod
1263 1045 1375 1110 Heliae
1390 1045 1494 1124 cedit,
1517 1048 1571 1112 sed

438 1146 541 1231 magis
555 1146 688 1212 contulit
703 1145 778 1211 filiis
793 1147 875 1230 quod
888 1147 1021 1233 benigne
1046 1151 1078 1213 et
1104 1147 1155 1231 pie
1178 1147 1263 1213 fecit.
1294 1149 1327 1212 et
1351 1148 1409 1214 illa
1434 1149 1570 1214 nondum

439 1247 599 1314 Christum
614 1249 748 1326 sciebat,
771 1249 908 1314 nondum
935 1252 1099 1332 praecepta
1123 1250 1191 1315 eius
1217 1250 1372 1324 audisset,
1395 1267 1456 1315 nou
1483 1269 1572 1316 cruce

439 1353 471 1416 et
485 1351 627 1434 passione
642 1352 709 1416 eius
724 1350 887 1434 redempte
902 1351 1007 1417 cibum
1024 1354 1056 1416 et
1071 1353 1180 1434 potum
1196 1369 1251 1435 pro
1262 1353 1413 1436 sanguine
1423 1351 1572 1436 repande-

402 1453 507 1529 sabat,
531 1456 568 1518 ut
583 1472 618 1518 ex
633 1452 692 1518 hoc
711 1456 858 1535 appareat
880 1454 1033 1535 quantum
1059 1454 1092 1518 in
1118 1454 1249 1518 ecclesia
1270 1456 1376 1536 peccat
1402 1455 1456 1536 qui
1482 1473 1515 1519 se
1542 1455 1574 1519 et

439 1554 522 1620 filios
544 1553 668 1620 Christo
691 1554 879 1636 anteponens
901 1555 1031 1620 diuitiae
1052 1573 1125 1620 suas
1147 1557 1253 1620 seruat
1274 1574 1330 1620 nec
1350 1555 1573 1638 patrimonium

438 1654 596 1737 copiosum
612 1675 684 1720 cnm
699 1656 910 1741 indigentium
926 1658 1110 1740 paupertate
1125 1657 1343 1723 communicat.

482 1754 543 1821 Sed
559 1756 641 1822 onim
657 1757 751 1822 multi
767 1759 889 1824 suntin
904 1758 996 1824 domo
1011 1759 1102 1824 liberi
1118 1761 1150 1824 et
1164 1759 1304 1824 retardat
1319 1761 1351 1822 te
1366 1762 1573 1826 numerositas
1589 1757 1625 1818 ¹8

437 1857 575 1924 filiorum
591 1861 756 1940 quominus
771 1860 904 1945 largiter
916 1861 1004 1925 bonis
1015 1860 1160 1942 operibus
1176 1861 1313 1926 insistas.
1330 1861 1426 1943 adqui
1437 1861 1573 1944 hocipso

403 1982 428 2020 n
437 1961 558 2042 operaii
573 1960 710 2042 amplius
725 1960 835 2036 dobes,
851 1977 912 2041 quo
928 1960 1102 2024 multomm
1117 1959 1284 2042 pignomm
1298 1963 1388 2041 pater
1403 1979 1444 2026 es.
1468 1962 1573 2043 plures

437 2063 512 2126 sunt
536 2079 592 2143 pro
618 2060 731 2143 quibus
758 2061 928 2125 Dominum
955 2060 1142 2142 depreceris,
1165 2059 1338 2125 multorum
1359 2061 1475 2128 delicta
1489 2063 1573 2128 redi·

436 2163 549 2228 manda
563 2165 651 2238 sunt,
685 2162 859 2228 mulionum
874 2162 1053 2246 purgandae
1068 2162 1287 2240 conscientiae,
1311 2163 1483 2229 mulcente
1505 2165 1574 2229 ani·

437 2281 506 2327 mae
521 2263 708 2328 liberandae.
731 2265 769 2328 ut
790 2264 823 2328 in
845 2265 903 2327 hac
926 2265 994 2328 uite
1016 2262 1167 2328 saeculari
1182 2263 1302 2328 alendis
1324 2265 1575 2346 sustinendisque

437 2364 620 2448 pignoribus
635 2383 696 2447 quo
711 2365 811 2429 maior
825 2369 873 2429 est
887 2382 1035 2429 nomenis
1050 2364 1108 2430 hoc
1122 2365 1222 2429 maior
1237 2367 1269 2430 et
1283 2367 1428 2447 sumptus
1443 2367 1507 2444 eet,
1528 2365 1575 2430 ita

403 2471 471 2534 ieet
495 2469 528 2533 in
555 2468 622 2533 uita
644 2467 781 2550 spiritali
796 2465 897 2549 adque
924 2466 1051 2532 coelesti
1074 2465 1575 2552 quoampli01·fueritpignornm

437 2571 527 2654 copie
541 2588 607 2635 esso
623 2571 655 2634 et
670 2587 798 2650 operum
815 2569 908 2634 debet
922 2569 1024 2634 maior
1038 2569 1174 2650 inpensa.
1199 2568 1245 2632 sic
1270 2567 1327 2633 lob
1350 2568 1502 2634 saonficm
1516 2589 1576 2634 nu-

436 2690 557 2737 merosa
572 2688 627 2753 pro
642 2670 750 2734 liberis
767 2669 941 2746 obterebat,
958 2674 1156 2751 quantusque
1171 2670 1238 2734 erat
1252 2671 1285 2734 in
1300 2669 1392 2734 domo
1408 2670 1574 2753 pignorum

433 2791 583 2838 numerus
600 2775 710 2837 tantus
725 2772 860 2836 dabatur
874 2773 941 2838 Deo
956 2775 989 2837 et
1003 2791 1152 2837 numerus
1167 2773 1353 2837 hostiarum.
1377 2777 1410 2837 ot
1424 2771 1572 2854 quoniam

435 2873 551 2939 cotidie
565 2874 670 2938 deesse
692 2890 751 2940 non
776 2875 878 2955 potest
893 2873 974 2956 quod
990 2876 1135 2956 peccetur
1150 2875 1182 2938 in
1199 2874 1366 2955 conspectu
1379 2873 1456 2950 Dei,
1479 2874 1575 2938 sacri·

398 2999 425 3039 π
435 2975 506 3040 licia
518 2975 674 3041 cotidiana
699 2995 760 3042 non
788 2977 918 3041 deerant
932 2975 1047 3059 quibus
1063 2977 1190 3057 poseant
1204 2977 1333 3058 peccata
1348 2975 1440 3058 tergi.
1464 2975 1576 3056 probat

434 3076 590 3160 scriptura
619 3077 744 3142 dicens:
785 3077 855 3142 Iob
894 3077 1007 3141 homo
1047 3095 1162 3142 uerus
1196 3077 1234 3141 et
1269 3077 1403 3140 iustus
1435 3075 1577 3140 habuit

434 3178 548 3243 filios
569 3180 721 3261 septem
744 3184 782 3245 et
804 3180 918 3245 filias
941 3181 1022 3244 tres
1045 3181 1082 3243 et
1104 3178 1343 3277 emundabat
1364 3178 1458 3243 illos
1481 3177 1576 3244 oile-

436 3299 525 3346 rens
546 3298 615 3363 pro
648 3281 705 3347 eis
738 3282 893 3347 hostias
916 3281 997 3346 Deo
1019 3281 1240 3359 secundum⁸
1258 3269 1463 3346 iinmerom
1485 3280 1576 3346 illo-

435 3403 522 3449 rum
545 3386 584 3448 et
605 3401 670 3465 pro
693 3387 876 3468 peccatis
911 3401 1044 3448 eornm
1079 3382 1253 3449 uitulum
1286 3403 1411 3447 unum.
1450 3383 1478 3447 si
1503 3401 1575 3466 ergo

538 3569 573 3623 26
590 3568 639 3622 lob
652 3573 677 3634 1,
688 3571 714 3624 2.
726 3569 751 3625 3.
765 3570 790 3625 5.

490 3721 622 3778 ldciciet
635 3723 684 3778 θ’,
737 3725 766 3777 ot
777 3737 902 3791 capsace
914 3721 967 3776 olei
985 3721 1062 3784 Wo,
1081 3735 1130 3774 noc
1141 3720 1171 3774 in
1184 3719 1377 3774 uesoleumF
1438 3719 1577 3774 minuetur

439 3809 481 3861 Ga
550 3807 716 3862 tierriiell
786 3807 926 3862 dehuliec
940 3809 978 3860 0¹
1050 3806 1083 3860 11
1102 3807 1166 3858 ante
1177 3819 1343 3874 praeponens
1355 3805 1387 3859 F
1441 3806 1475 3858 14
1493 3803 1578 3874 adqui

440 3892 528 3956 ΠΨ,
547 3893 642 3961 atquin
654 3891 703 3956 F',
722 3891 843 3961 ecquod
910 3897 974 3960 poet
991 3889 1050 3960 ipso
1067 3905 1178 3945 mse
1189 3889 1305 3960 largiter
1316 3889 1349 3944 ἐκ
1363 3889 1401 3944 W
1469 3889 1503 3944 15
1519 3903 1577 3942 em·

437 3977 520 4046 plina}
533 3977 723 4046 plurimumV
790 3975 936 4049 quolqnod
948 3977 1044 4032 malim
1112 3973 1294 4045 pigneraret}
1373 3973 1577 4031 nomenari·

441 4063 490 4118 W·
545 4062 797 4132 muniendisqo
860 4064 893 4118 19
911 4061 1056 4132 hocloco
1125 4059 1272 4116 oetoecG
1340 4059 1375 4114 21
1393 4061 1524 4116 atomi}

438 4147 547 4204 niceto
598 4147 764 4218 dispescunt
780 4147 816 4215 0,
828 4148 979 4217 poseintli'
1033 4143 1576 4217 mfflFuAeqeo.t.e.1V,1o,27.,

437 4233 634 4304 tergerill'do
685 4233 720 4288 26
737 4235 873 4305 scriptura
884 4233 1008 4290 diuinae

1309 4319 1376 4382 25*
