3994 5044
773 303 818 356 lle
837 301 1056 357 mortalitate
1079 317 1101 358 c.
1122 301 1234 360 14-17.
1505 304 1568 371 307

424 459 550 523 sortiere
576 458 739 543 colligitur
762 460 958 541 pugnaturus
978 458 1045 521 sine
1066 459 1154 521 motu
1178 459 1308 536 mortis,
1331 476 1404 522 cnm
1418 457 1572 540 proelium

426 559 563 638 uenerit,
586 559 640 640 qui
657 559 697 623 ad
710 556 859 623 militiam
875 557 1014 640 tempore
1030 558 1235 624 mortalitatis
1250 558 1379 624 accedit.

473 659 557 740 Quid
572 660 683 726 deinde
697 658 795 738 illud,
818 658 933 724 fratres
948 658 1167 737 dilectissimi,
1190 661 1283 743 quale
1304 660 1366 739 est,
1390 679 1484 743 quam
1501 679 1572 744 por·
1584 660 1623 722 lt

428 765 546 842 tinans,
569 782 665 845 quam
679 762 903 838 necessarium,
928 762 1010 844 quod
1025 762 1124 844 pestis
1139 762 1203 828 ista
1224 763 1257 828 ot
1278 764 1346 830 lues
1369 781 1448 847 qnae
1470 761 1572 828 horri-

406 866 503 932 sbilis
519 866 552 931 ot
566 865 673 931 letalis
689 865 816 930 uidetur
835 864 974 948 explorat
996 863 1155 930 iustitiam
1178 864 1374 950 singulorum
1397 867 1430 933 et
1452 869 1573 931 mentes

429 968 559 1034 humani
576 968 699 1051 generis
714 967 881 1044 examinat,
898 987 937 1033 an
952 966 1087 1033 infirmis
1105 967 1245 1034 semiant
1260 968 1339 1046 sani,
1355 988 1395 1034 an
1407 968 1574 1053 propinqui

430 1073 578 1157 cognatos
606 1071 657 1154 pie
684 1071 838 1155 diligant,
861 1088 901 1135 an
929 1071 1136 1136 misereantur
1165 1087 1329 1136 soruomm
1355 1071 1575 1155 languentium

430 1174 567 1250 domini,
591 1193 631 1239 an
645 1174 846 1257 deprecantes
870 1191 979 1256 aegros
1001 1192 1061 1238 non
1084 1174 1229 1239 deserant
1249 1173 1381 1253 medici,
1404 1193 1444 1239 an
1459 1174 1575 1240 feroces

431 1275 616 1340 uiolentiam
632 1295 723 1340 suam
739 1275 948 1356 conpriment,
973 1294 1011 1339 an
1033 1293 1160 1356 rapaces
1175 1275 1327 1340 arraritiac
1342 1276 1475 1342 furentis
1490 1277 1576 1341 insa·

396 1378 576 1444 rotiabilem
598 1395 720 1459 semper
739 1378 882 1442 ardorem
897 1379 947 1441 uel
964 1378 1052 1442 metu
1068 1377 1180 1441 mortis
1196 1377 1397 1462 extinguant,
1420 1398 1460 1442 an
1476 1378 1577 1442 cerui·

432 1499 500 1544 cem
516 1479 643 1544 tleetant
658 1477 800 1561 superbi,
823 1497 862 1542 an
893 1479 1056 1542 audaciam
1082 1477 1202 1542 leniant
1228 1479 1368 1560 inprobi,
1391 1498 1429 1543 an
1445 1498 1577 1562 pereun-

433 1582 519 1646 tibus
535 1581 615 1646 caris
630 1582 683 1647 uel
697 1583 743 1645 sic
758 1581 877 1663 aliquid
894 1581 1009 1646 diuites
1024 1581 1202 1666 largiantur
1213 1582 1245 1646 et
1257 1581 1372 1646 donent
1384 1581 1451 1646 sine
1463 1581 1577 1646 herede

433 1684 589 1749 morituri.
618 1687 656 1748 ut
681 1683 762 1748 nibil
788 1683 873 1746 eliud
900 1683 1077 1746 mortalitas
1103 1683 1166 1748 ista
1193 1685 1377 1762 contulerit,
1412 1683 1470 1748 bec
1495 1685 1577 1750 chri-

435 1785 547 1850 stianis
563 1786 595 1849 et
610 1784 670 1849 Dei
686 1786 785 1849 seruis
800 1783 973 1864 plurimum
987 1785 1148 1866 praestitit
1163 1786 1245 1866 quod
1267 1785 1456 1867 martyrium
1473 1787 1577 1868 ceopi-

399 1905 425 1946 ιι
436 1905 506 1951 mus
521 1886 657 1952 libenter·
671 1888 832 1968 adpetere,
856 1887 932 1951 dum
948 1889 1080 1952 mortem
1098 1887 1248 1953 discimus
1269 1906 1330 1952 non
1345 1887 1466 1953 timere.
1492 1907 1578 1954 exer·-

436 1989 515 2054 citia
529 1989 603 2052 sunt
623 1988 713 2054 nobis
734 1988 813 2066 ista,
836 2007 896 2053 non
919 1989 1045 2054 lunera:
1070 1989 1146 2054 dant
1168 1991 1272 2054 animo
1295 1989 1491 2056 fortitudinis
1514 1992 1580 2074 glo

437 2090 534 2167 riam,
559 2091 741 2171 contemptu
757 2091 867 2154 mortis
881 2093 1069 2172 praeparant
1084 2091 1124 2154 ad
1139 2107 1294 2156 eoronam.

483 2191 546 2258 Sed
569 2193 700 2258 fortasse
723 2193 838 2274 aliquis
861 2197 995 2275 opponat
1018 2195 1050 2258 et
1072 2193 1174 2259 dicat:
1196 2186 1266 2258 ‘boc
1287 2213 1339 2258 me
1355 2213 1429 2278 ergo
1444 2195 1476 2258 in
1493 2213 1582 2278 prae·
1596 2193 1632 2256 ll

440 2293 522 2359 senti
549 2293 744 2360 mortalitate
760 2295 924 2360 contristat
950 2295 1032 2377 quod
1059 2295 1113 2377 qui
1139 2300 1268 2379 paratus
1294 2297 1333 2360 ad
1361 2297 1582 2364 consessionem

404 2421 431 2462 ιι
441 2396 563 2462 fueram
578 2397 610 2461 ot
625 2399 664 2462 ad
681 2399 881 2463 tolerantiam
897 2399 1049 2479 passionis
1064 2400 1131 2463 toto
1147 2419 1197 2464 me
1213 2400 1303 2465 eorde
1315 2403 1347 2464 et
1358 2400 1451 2481 plena
1464 2400 1584 2465 uirtute

441 2497 626 2563 deuoueram
643 2499 795 2581 martyrio
811 2515 880 2564 meo
894 2501 1017 2581 priuor,
1041 2499 1117 2563 dum
1140 2501 1240 2566 morte
1256 2493 1459 2584 praeuenier'.
1483 2501 1585 2584 primo

441 2597 474 2663 in
489 2599 556 2664 loco
571 2618 633 2664 non
649 2602 697 2664 est
712 2600 745 2664 in
760 2603 816 2665 tua
832 2602 986 2682 potestate
1001 2601 1055 2665 sed
1071 2603 1104 2666 in
1117 2601 1176 2665 Dei
1191 2601 1373 2686 dignatione
1387 2603 1586 2685 martyrium,

441 2719 497 2766 nec
519 2703 606 2782 potes
629 2703 661 2765 te
684 2701 787 2767 dicere
808 2701 981 2782 perdidisse
1003 2702 1086 2784 quod
1102 2703 1202 2768 nescis
1218 2722 1257 2768 an
1273 2704 1421 2769 merearis
1437 2705 1586 2786 accipere.

442 2805 517 2868 tunc
532 2803 644 2869 deinde
660 2803 744 2869 Deus
762 2805 917 2870 scrutator
932 2807 980 2868 ost
995 2805 1077 2870 renis
1093 2806 1125 2870 et
1141 2806 1241 2870 cordis
1257 2810 1290 2871 et
1305 2806 1497 2871 occultorum
1514 2825 1587 2872 eon-

404 2923 432 2963 es
442 2905 613 2986 templator
640 2906 672 2969 et
698 2905 850 2988 cognitor,
873 2905 960 2969 uidet
975 2908 1008 2970 et
1023 2905 1192 2971 conlaudat
1207 2909 1239 2971 te
1254 2910 1287 2972 et
1301 2907 1473 2990 conprobat
1487 2911 1519 2972 et
1534 2908 1588 2989 qni

442 3006 593 3089 perspicit
607 3009 686 3088 aput
700 3009 731 3071 te
746 3009 887 3088 paratam
906 3008 1002 3072 fuisse
1017 3007 1170 3071 uirtutem
1187 3008 1291 3072 reddit
1305 3025 1359 3090 pro
1375 3009 1494 3073 uirtute
1505 3029 1589 3074 mer·

444 3111 561 3174 codem.
585 3109 741 3190 numquid
758 3107 834 3174 Cain
857 3128 929 3174 eum
954 3111 1021 3174 Deo
1047 3129 1163 3175 munus
1189 3111 1313 3176 offerret
1337 3110 1400 3176 iarn
1416 3113 1590 3194 peremerat

444 3211 600 3276 tratrem?
623 3214 655 3275 et
683 3214 788 3278 tamen
804 3213 1004 3293 parricidium
1022 3215 1126 3278 mente
1142 3217 1324 3294 conceptum
1340 3214 1424 3278 Dens
1440 3214 1589 3295 prouidus

444 3318 517 3380 ante
532 3314 705 3380 damnauit
730 3318 767 3379 ut
781 3313 850 3378 illic
864 3315 1015 3399 cogitatio
1030 3315 1115 3381 mala
1126 3318 1159 3380 et
1171 3317 1343 3398 peruiciosa
1355 3316 1513 3397 conceptio
1525 3317 1591 3382 Dea

495 3569 708 3624 3illndom.0
770 3569 896 3624 dilan
958 3571 1191 3626 butiemlisora.
1208 3573 1244 3626 W
1297 3569 1468 3639 exploratiS
1519 3588 1593 3626 men·

445 3655 518 3708 tiso
573 3653 789 3708 texaminantS
843 3657 1061 3723 aamercort*
1115 3656 1131 3708 7
1143 3655 1284 3724 piscaret}
1349 3655 1543 3710 rnisorarrturO

444 3739 650 3796 recreante*
702 3739 884 3794 9turentes8
935 3743 969 3794 10
980 3742 1126 3810 extingunt
1139 3739 1341 3810 8¹,extinguat
1358 3739 1383 3793 G
1391 3745 1397 3774 ¹
1450 3741 1483 3794 12
1494 3741 1594 3796 diuitoe

445 3823 633 3894 indigentibus
646 3825 785 3879 Beluas'ue
848 3826 882 3880 14
894 3825 1032 3895 praetatG
1096 3826 1131 3880 16
1143 3825 1199 3880 ista
1211 3824 1325 3879 nobiaG
1376 3827 1409 3879 ‘21
1423 3827 1553 3894 martyrio
1568 3826 1595 3881 (l

446 3910 493 3966 aed
506 3911 538 3964 ia
550 3909 700 3980 sarmada
713 3911 842 3978 martyrio
894 3911 929 3964 23
947 3912 1039 3980 potest
1052 3909 1127 3966 SW¹
1181 3915 1271 3964 tecua
1286 3911 1309 3963 S
1360 3909 1395 3963 24
1413 3910 1475 3964 dein
1493 3912 1542 3966 W·

446 3995 624 4052 acmtaturO
694 3999 737 4052 cst
753 4011 833 4052 oeae
913 3997 1040 4052 otoordis
1052 3997 1144 4053 obad)
1214 3996 1410 4066 contemplator
1421 3999 1464 4050 est
1480 3997 1544 4052 WO

446 4083 482 4138 25
500 4085 528 4136 ot
545 4081 637 4136 eruO
701 4084 730 4137 et
741 4081 972 4146 conlaudattob',
991 4085 1059 4136 toot
1072 4081 1167 4136 laudat
1188 4082 1302 4138 OWGr
1374 4082 1409 4136 26
1428 4081 1515 4136 reddit
1533 4081 1598 4138 WO

449 4169 517 4238 (legi
529 4169 626 4236 nequit
637 4169 670 4222 ia
683 4169 729 4236 S),
742 4166 836 4222 reddet
849 4169 891 4224 Ge
943 4169 976 4221 27
995 4167 1143 4237 perimeret
1154 4167 1225 4222 Μ’
1278 4169 1314 4220 ’28
1331 4170 1501 4232 concoeptum
1520 4165 1546 4218 u

452 4256 488 4310 29
505 4253 656 4324 perniciosa
673 4253 777 4319 OWG,
788 4253 937 4324 periculosa
950 4253 973 4307 δ’

1325 4341 1393 4403 ‘litt‘
