4002 5050
737 382 783 438 De
801 381 884 438 bono
903 381 1100 454 pationtiae
1117 399 1139 439 c
1159 383 1281 478 15‘17‘.
1510 386 1574 453 409

438 538 477 606 do
491 538 662 620 discordia,
694 537 732 607 dc
747 538 926 620 simultate,
949 559 1029 624 qnae
1044 541 1078 606 in
1093 539 1263 608 christiano
1278 559 1344 606 esse
1359 557 1422 606 non
1437 539 1576 609 debent?

435 643 479 710 sit
489 643 642 729 patientia
657 642 690 710 in
705 643 804 723 corde,
820 644 943 711 ethaeo
957 644 1026 711 illic
1040 644 1145 710 locum
1158 645 1272 711 habere
1286 663 1348 710 non
1363 646 1504 730 possunt,
1519 646 1576 712 ant

435 745 464 811 si
490 745 577 812 adire
602 747 845 830 temptauerint,
868 748 931 812 cito
957 747 1084 813 exclusa
1110 747 1292 828 discedunt,
1316 747 1352 811 ut
1378 747 1575 814 domicilium

435 847 601 932 pacificum
615 850 793 931 perseueret
807 849 840 914 in
856 851 962 928 cordo,
986 848 1041 914 ubi
1055 849 1157 915 Deum
1172 850 1257 931 pacis
1272 849 1408 915 delectet
1421 849 1574 916 habitare.

399 951 581 1017 sadmonet
607 951 740 1034 denique
764 952 924 1035 apostolus
951 953 984 1018 et
1013 952 1104 1017 docet
1124 951 1244 1017 diceus:
1277 951 1407 1017 nolite
1429 952 1576 1017 contri·

435 1054 546 1120 stare
573 1052 769 1136 Spiritum
802 1054 980 1120 sanctum
1013 1053 1085 1119 Dei
1116 1053 1154 1119 in
1186 1072 1259 1136 quo
1292 1054 1445 1138 signati
1475 1054 1575 1121 estis

436 1156 476 1221 in
509 1155 612 1222 diem
644 1156 942 1240 redemptionis.
979 1155 1105 1222 omnis
1138 1157 1365 1222 amaritudo
1395 1158 1433 1222 et
1460 1157 1518 1222 ira
1539 1159 1577 1222 et

433 1257 664 1352 indignatio
702 1261 739 1324 et
772 1259 920 1325 clamor
953 1261 992 1323 et
1024 1259 1275 1340 blasphemia
1308 1259 1521 1326 auferatur
1559 1279 1576 1325 a

436 1361 560 1428 uobis.
587 1363 615 1429 si
638 1362 721 1428 enim
744 1361 933 1428 christianus
949 1383 969 1428 a
983 1363 1088 1428 furore
1102 1363 1135 1427 et
1149 1361 1346 1429 contentione
1361 1362 1477 1428 carnali
1493 1365 1576 1427 tam-

400 1483 530 1547 requam
545 1466 584 1530 de
599 1465 696 1530 maris
711 1464 892 1530 turbinibus
908 1466 1039 1530 excessit
1055 1466 1087 1529 et
1098 1465 1289 1547 tranquillus
1301 1465 1428 1530 aclenis
1439 1465 1577 1546 inportu

437 1565 554 1632 cursui
569 1553 636 1632 esse
662 1567 727 1632 iam
750 1567 866 1648 coepit,
889 1585 947 1632 nco
972 1567 1054 1631 iram
1080 1584 1137 1631 nec
1162 1566 1352 1632 discordiam
1376 1565 1469 1631 debet
1494 1566 1575 1630 intra

436 1671 544 1754 pectus
560 1670 727 1735 admittere
754 1669 804 1735 cui
828 1689 885 1734 nec
912 1669 1033 1734 malum
1056 1686 1112 1749 pro
1138 1668 1222 1732 mab
1249 1667 1378 1734 reddero
1403 1667 1498 1733 liceat
1520 1687 1577 1732 nec

437 1771 548 1836 odisse.

480 1873 623 1938 Necnon
647 1873 687 1938 ed
711 1872 799 1938 uaria
818 1889 940 1954 quoqne
964 1871 1066 1936 carnis
1092 1872 1289 1937 incommoda
1312 1872 1345 1936 et
1369 1871 1490 1936 crebros
1515 1881 1629 1943 cor-17

403 1993 429 2032 u
438 1976 522 2056 poris
537 1974 690 2056 durosque
705 1974 861 2040 cruciatus
888 1973 1001 2055 quibus
1026 1973 1199 2038 humanum
1224 1990 1321 2057 genus
1348 1972 1478 2038 cottidie
1504 1972 1578 2037 fati-

440 2077 534 2163 gatur
549 2078 580 2142 et
595 2077 736 2160 quatitur
750 2076 903 2160 patientia
918 2075 1091 2140 necessario
1106 2075 1164 2139 est.
1188 2093 1262 2139 nam
1278 2093 1351 2138 cum
1363 2075 1396 2139 in
1407 2074 1465 2138 illa
1475 2074 1577 2156 prima

439 2179 683 2264 transgressione
697 2179 853 2263 praecepti
868 2177 1002 2241 firmitas
1018 2177 1154 2258 corporis
1169 2194 1242 2241 curn
1257 2175 1498 2241 immortalitate
1513 2175 1579 2240 dis-

440 2282 567 2347 cesserit
581 2284 613 2346 et
628 2301 698 2346 cum
716 2283 815 2346 morte
829 2279 998 2345 infirmitas
1013 2281 1136 2346 uenerit
1150 2299 1206 2346 nec
1221 2281 1321 2364 possit
1335 2280 1469 2344 firmitas
1483 2279 1579 2361 recipi

440 2383 502 2449 nisi
516 2402 588 2448 cnm
603 2385 728 2466 recepte
742 2384 774 2447 et
789 2383 1011 2448 immortalitas
1033 2381 1149 2462 luerit,
1173 2385 1296 2467 oportet
1321 2383 1353 2447 in
1376 2382 1434 2446 hac
1456 2380 1580 2465 fragili-

406 2503 433 2544 ro
442 2487 509 2550 tato
524 2485 624 2566 adque
639 2483 824 2549 infirmitate
843 2501 988 2566 corporea
1002 2485 1118 2549 luctari
1134 2504 1257 2566 semper
1272 2485 1304 2549 et
1319 2484 1479 2568 congredi,
1502 2501 1580 2565 quae

443 2586 575 2652 luctatio
590 2587 623 2651 et
638 2587 812 2671 congressio
828 2605 889 2652 non
904 2587 966 2652 nisi
981 2586 1152 2668 patientiae
1167 2587 1272 2669 potest
1287 2585 1408 2651 uiribus
1423 2585 1579 2652 sustineri.

442 2688 653 2756 examinandis
668 2689 773 2752 autern
789 2688 879 2753 nobis
901 2689 1001 2770 adque
1024 2688 1219 2770 explorandis
1242 2688 1359 2753 diuersi
1381 2687 1580 2770 inportantur

441 2790 562 2856 dolores
588 2790 620 2854 et
642 2789 808 2872 multiplex
834 2790 1077 2874 temptationum
1103 2790 1240 2873 qualitas
1262 2790 1425 2873 inrogatur
1450 2789 1488 2853 de
1515 2789 1581 2854 isc·

440 2893 522 2958 turis
549 2891 754 2971 ramatum,
788 2892 827 2957 de
853 2892 1016 2958 ardoribus
1043 2893 1196 2970 febrium,
1230 2891 1269 2956 de
1295 2890 1486 2956 cruciatibus
1507 2889 1580 2955 uul-

405 3013 561 3072 neratum,
591 2994 630 3060 de
660 2993 826 3060 amissione
852 3012 1003 3060 carorum.
1038 3012 1094 3059 nec
1116 2993 1204 3060 aliud
1230 2993 1332 3077 magis
1355 2993 1485 3057 iniustos
1515 2991 1581 3056 dis·

441 3096 594 3162 comitet
616 3098 714 3162 iustos
729 3117 823 3181 quam
838 3097 920 3180 quod
942 3097 975 3161 in
997 3096 1138 3162 aduersis
1166 3115 1221 3178 per
1243 3095 1461 3178 inpatientiam
1477 3095 1581 3176 queri-

440 3200 494 3263 tur
507 3199 540 3262 et
553 3197 751 3281 blasphemat
764 3199 911 3276 iniustus,
926 3198 1078 3280 patientia
1092 3200 1194 3264 iustius
1208 3198 1372 3280 probatur,
1389 3197 1470 3263 sicut
1484 3198 1582 3280 scrip-

441 3301 594 3366 tumest:
628 3301 822 3366 indolere
844 3301 999 3366 sustine
1028 3302 1066 3365 et
1096 3301 1135 3365 in
1169 3299 1406 3365 humilitate
1428 3301 1499 3364 tua
1519 3318 1582 3382 pa-

546 3487 563 3541 5
581 3485 649 3557 Eph.
662 3487 786 3557 asom.
838 3487 872 3541 27
890 3487 943 3542 Sir.
955 3486 1061 3555 2‚4sq.

494 3639 607 3695 icardo
620 3639 652 3704 S,
671 3643 777 3710 pectore
791 3639 875 3698 Woe
939 3640 1068 3696 mosas
1130 3622 1232 3694 stiffi
1241 3639 1265 3695 S
1332 3637 1506 3709 §apostolus
1517 3653 1584 3707 pau·

442 3722 486 3780 lus
499 3723 527 3780 V
575 3723 801 3795 doeet]monetS
852 3725 1008 3781 contristari
1021 3725 1098 3783 SW¹
1160 3724 1239 3781 'ldis
1256 3723 1324 3782 We
1384 3722 1584 3794 at(untoind.)

443 3809 533 3866 oruS
611 3810 803 3866 Bauferantur
819 3810 856 3877 θ,
875 3811 1100 3880 adferentium·
1124 3813 1161 3879 cf.
1175 3817 1233 3866 teet.
1248 3811 1332 3866 1115
1413 3809 1585 3878 senune

443 3895 553 3951 tioueS
621 3895 656 3949 12
672 3912 721 3966 pro
732 3912 782 3951 oua.
800 3896 826 3950 0
896 3897 927 3950 17
946 3897 1212 3952 inmortalitatems
1280 3896 1313 3950 18
1330 3895 1457 3965 firmitas]
1470 3893 1585 3948 infirmi·

444 3980 525 4036 taus
573 3979 1241 4052 aucorporea1oerporisae1eqeet.l.c.1v,s.22
1292 3979 1443 4036 luctuari*¹
1495 3981 1530 4034 21
1541 3979 1585 4034 ui·

445 4065 522 4120 ribus
533 4069 652 4135 potesta
704 4066 875 4121 smtcneriS
925 4067 961 4121 22
979 4065 1161 4138 explorandis]
1174 4065 1321 4138 probandis
1334 4067 1363 4122 V
1421 4067 1457 4122 25
1474 4066 1586 4120 ammia-

446 4150 520 4205 siono
537 4150 697 4207 Wctala'oe
749 4150 838 4220 magis
850 4151 951 4206 intere
1004 4151 1091 4206 iustos
1103 4150 1168 4206 disc.
1181 4153 1210 4206 et
1222 4150 1340 4206 iniustos
1354 4150 1394 4207 W
1451 4149 1486 4205 26
1504 4165 1586 4220 quoe·

445 4233 517 4291 titur
529 4233 581 4292 SG
633 4236 668 4290 27
687 4235 833 4292 blasfemat
844 4235 963 4291 minutos
975 4235 1024 4292 SG
1077 4234 1208 4292 insons*
