3936 5032
757 1200 851 1300 DE
902 1199 1203 1302 LAPSIS.

448 1443 527 1560 Pax
541 1510 628 1572 eeu,
652 1491 851 1564 ddumsimi
867 1492 998 1574 naue,
1022 1492 1171 1560 eclesiae
1197 1493 1322 1560 rodun
1344 1497 1393 1562 ec
1414 1496 1448 1562 c
1469 1495 1582 1580 quoue

404 1595 535 1664 difficile
562 1613 662 1679 nuper
686 1595 855 1660 incredulis
880 1613 916 1661 ac
941 1594 1068 1678 perfidis
1094 1595 1276 1678 inpossibile
1290 1597 1472 1678 uidebatur,
1495 1616 1552 1681 ope

405 1699 506 1782 adque
531 1698 651 1764 ultione
676 1697 786 1763 diuina
811 1697 962 1764 secuntus
984 1700 1092 1764 nostra
1106 1700 1251 1782 reparata
1265 1699 1322 1765 est.
1346 1700 1380 1766 in
1393 1700 1551 1767 laetitiam

370 1819 383 1860 s
406 1801 529 1866 mentes
555 1799 688 1864 redeunt
713 1799 746 1865 ot
771 1798 960 1882 tempestate
981 1816 1145 1882 pressurae
1160 1817 1197 1866 ac
1210 1800 1294 1867 nubo
1309 1799 1450 1868 decussa
1463 1803 1552 1867 tran-

405 1901 551 1985 quillitas
566 1918 603 1967 ac
617 1899 768 1967 serenitas
783 1899 983 1968 refulserunt.
1008 1901 1129 1968 dandae
1150 1900 1259 1969 laudes
1274 1903 1341 1969 Deo
1356 1903 1389 1969 et
1403 1901 1553 1970 beneficia

405 2003 474 2070 eius
489 2021 527 2070 ac
541 2020 673 2069 munera
687 2021 760 2070 cum
771 2003 947 2088 gratiarum
958 2002 1079 2069 actione
1091 2002 1286 2084 celebranda,
1301 2004 1447 2087 quamuis
1460 2022 1552 2089 agere

406 2107 528 2192 gratias
552 2107 662 2173 nostra
688 2123 748 2172 uox
774 2123 831 2172 nac
857 2105 890 2171 in
915 2105 1332 2189 persecutioneoessauerit:
1353 2108 1552 2190 nequeenim

404 2208 532 2273 mutum
546 2207 642 2274 licere
657 2207 786 2272 inimico
811 2208 932 2290 potest,
954 2210 993 2273 ut
1011 2225 1074 2272 non
1100 2207 1155 2289 qui
1181 2209 1285 2274 Deum
1311 2209 1402 2274 corde
1427 2208 1494 2274 toto
1520 2209 1553 2273 et

371 2309 511 2374 unanima
533 2311 566 2375 et
587 2309 709 2376 uirtute
730 2308 893 2392 diligimus
915 2307 1145 2374 benedictiones
1171 2309 1239 2376 eius
1260 2312 1293 2375 ei
1307 2311 1416 2375 laudes
1431 2327 1554 2393 semper

405 2414 440 2479 et
452 2411 570 2494 ubique
585 2429 658 2477 cum
672 2411 775 2496 gloria
787 2409 1012 2495 praedicemus.
1037 2411 1202 2494 exoptatus
1216 2412 1301 2477 uotis
1316 2411 1461 2478 omuibus
1486 2409 1553 2475 dies

406 2513 497 2579 uenit
510 2515 631 2597 etpost
644 2512 756 2597 longae
769 2513 870 2580 noctis
885 2511 1068 2578 horribilem
1089 2514 1287 2596 taetrumque
1306 2512 1474 2598 caliginem
1488 2512 1554 2577 Do·

407 2613 488 2681 mini
501 2615 573 2683 luce
587 2614 729 2682 radiatum
743 2614 880 2681 mundus
894 2615 1003 2681 eluxit.

452 2717 648 2785 Confossores
663 2718 825 2801 praeconio
839 2718 913 2785 boni
934 2717 1072 2783 nominis
1094 2719 1195 2784 claros
1216 2719 1250 2784 et
1270 2717 1401 2784 uirtutis
1422 2733 1459 2783 ac
1480 2715 1584 2787 fideia

372 2819 557 2888 alaudibus
582 2819 735 2906 gloriosos
759 2819 852 2887 laetis
878 2819 1093 2904 conspectibus
1107 2820 1285 2901 intuemur,
1309 2819 1425 2886 sanctis
1440 2817 1555 2886 osculis

408 2922 612 2989 adhaerentes
628 2921 820 2989 desideratos
835 2923 945 2988 diuino
960 2924 993 2989 et
1012 2921 1196 3005 inexplebili
1218 2921 1392 3004 cupiditate
1413 2920 1555 3005 conplec-

408 3023 518 3092 timur.
553 3022 643 3090 adest
666 3023 809 3090 militum
835 3021 954 3090 Christi
975 3039 1044 3090 cors
1070 3025 1217 3104 candida,
1251 3022 1307 3107 qui
1332 3023 1556 3107 persecutionis

408 3125 553 3212 argentm
564 3125 714 3192 ferociam
728 3126 944 3193 turbulentam
957 3126 1067 3192 stabili
1079 3125 1298 3212 congressione
1312 3125 1484 3210 fregerunt,
1500 3143 1556 3207 pe·

409 3229 471 3295 rati
487 3227 528 3296 ad
542 3227 730 3312 patientiam
745 3228 891 3308 moeris,
914 3226 1029 3294 armati
1045 3227 1085 3294 od
1100 3227 1305 3294 tolerantiam
1319 3227 1440 3293 mortis.
1464 3243 1556 3309 repu-

374 3329 531 3416 aegnestis
547 3329 674 3395 fortiter
687 3331 826 3410 saeculo,
849 3330 1063 3413 spectaculum
1078 3329 1251 3414 gloriosum
1271 3328 1462 3412 praebuistis
1476 3328 1556 3408 Deo,

410 3431 566 3500 moetoris
580 3431 732 3498 dulcibus
747 3432 853 3499 fuistis
868 3433 1018 3517 exemplo.
1041 3431 1188 3518 religiosa
1202 3449 1262 3497 uox
1276 3429 1438 3498 Obrimum
1452 3431 1557 3496 locuta

463 3683 576 3726 sucurre
593 3684 745 3726 namneus
763 3684 912 3726 murorum
931 3669 967 3734 S,
991 3683 1102 3725 ursorum
1125 3683 1163 3723 nn
1180 3681 1277 3723 causus
1298 3666 1366 3726 WR
1435 3665 1501 3722 dac
1522 3665 1561 3721 W

410 3771 445 3811 ou
458 3760 619 3827 spumae.
687 3757 746 3826 ope]
759 3771 840 3827 opere
853 3757 881 3813 R
948 3753 1160 3811 dlactitiaSR
1224 3751 1407 3809 smerdes·
1476 3751 1557 3822 nobe]

412 3841 685 3914 nnbeetcaligineo
742 3841 1081 3912 8persequutioncR(at
1094 3841 1351 3911 wletquuprocu)
1412 3835 1558 3892 tinimieo

412 3927 493 3983 licere
503 3927 585 3984 WRo
637 3925 788 3985 deumSW
790 3928 822 3995 V,
835 3927 971 3982 dominum
982 3927 1028 3984 Ro
1079 3925 1279 3982 totocorcho
1332 3923 1366 3979 10
1377 3925 1406 3978 ot
1415 3921 1558 3992 (amuir-

411 4016 484 4084 tnte)
501 4013 568 4070 odd.
587 4031 621 4069 ou
637 4014 701 4070 lic
714 4012 755 4069 W
832 4013 864 4069 11
883 4013 1008 4070 omnibus
1021 4011 1084 4080 SR,
1102 4012 1223 4068 omnium
1236 4013 1292 4069 Wc
1371 4007 1466 4064 diebus
1479 4005 1507 4063 u

412 4100 447 4155 12
464 4099 636 4170 secunus
706 4099 740 4153 14
759 4099 909 4155 uirtutibus
922 4101 960 4156 W
1029 4099 1064 4154 15
1081 4095 1335 4169 osculis]ocnlisR
1413 4095 1447 4149 16
1464 4093 1559 4149 diuina

412 4189 441 4242 et
453 4183 556 4272 Stdiu
572 4185 656 4244 WRo
709 4185 742 4240 17
755 4187 896 4250 ooan'.
909 4185 1003 4241 cohors
1012 4185 1109 4242 W’Rc
1162 4183 1197 4240 18
1208 4179 1386 4253 urguentisR
1396 4183 1428 4236 oo
1439 4178 1507 4234 notet

411 4271 448 4329 20
464 4271 518 4328 duo
533 4269 574 4328 W
