4234 5046
797 275 934 331 uescina
954 275 978 339 1,
997 275 1080 336 5-8.
1462 276 1508 344 45

359 435 518 502 hominem
532 433 710 501 uenientem
726 435 758 501 in
784 433 868 498 hunc
892 431 1057 498 mnndum.
1079 432 1114 498 in
1138 433 1197 498 hoc
1222 431 1340 498 mundo
1366 430 1444 512 fuit,
1475 432 1510 497 et

358 536 495 604 mundus
519 554 575 622 per
599 537 705 621 ipsum
733 535 837 602 tactus
863 537 926 614 est,
960 534 1153 601 otmundus
1181 553 1254 600 eum
1278 551 1340 601 non
1365 535 1506 621 agnouit.

359 640 458 706 Item
479 638 585 705 illic:
608 636 670 719 Qui
696 658 759 705 non
784 637 967 716 crediderit,
990 637 1235 704 iamindicatue
1261 639 1323 716 est,
1347 638 1421 722 quia
1446 655 1507 704 non

359 741 492 809 credidit
504 741 538 808 in
558 739 684 808 nomine
698 739 784 806 unici
798 739 858 805 filii
873 739 944 806 Dei.
966 740 1025 805 hoc
1044 740 1151 806 antem
1172 741 1221 805 est
1234 739 1405 820 iudicium,
1429 755 1507 824 qno-

328 844 443 912 :niam
465 845 520 911 lux
541 843 629 911 uenit
649 843 685 909 in
708 843 884 924 saeculnm,
908 844 941 909 et
956 841 1131 908 dilexerunt
1144 841 1287 909 homines
1301 842 1405 928 magis
1419 844 1506 910 tene·

357 947 429 1014 bras
451 965 546 1031 quam
560 945 673 1012 lucem.

357 1097 458 1180 Qvon
472 1114 698 1167 cmcvucrsro
712 1117 825 1166 rmus
836 1115 1009 1166 caarnnre
1019 1115 1207 1166 nvncvnrn
1222 1115 1277 1166 sm
1290 1117 1509 1168 mancorum

674 1218 868 1276 sumniam
890 1217 1108 1268 nnraomssn
1131 1218 1194 1268 sm.

399 1323 512 1408 Apud
533 1323 1037 1407 Hieremiamprophetam:
1065 1324 1152 1390 Haec
1166 1324 1244 1390 dicit
1258 1324 1415 1392 Dominus
1429 1324 1537 1393 uiriss

321 1426 438 1492 inlude
458 1427 491 1492 et
512 1427 566 1510 qui
591 1425 773 1493 inhabitant
796 1425 1012 1492 Hierusalem:
1043 1428 1191 1493 renouato
1220 1426 1303 1493 inter
1331 1445 1388 1492 uos
1416 1427 1508 1494 noui·

355 1529 456 1597 tatem
476 1530 510 1596 et
531 1547 571 1596 ne
592 1528 824 1597 seminaueritis
839 1528 873 1594 in
888 1527 1003 1613 spinis:
1019 1528 1233 1596 circumcidite
1248 1546 1304 1596 uos
1317 1529 1384 1596 Dec
1399 1531 1505 1597 uestro

355 1633 388 1699 et
409 1633 625 1699 circumcidite
652 1633 852 1716 praeputium
876 1631 977 1697 cordis
1000 1632 1112 1711 uestri,
1146 1649 1185 1697 ne
1207 1633 1295 1698 exeat
1317 1631 1401 1698 sicut
1421 1630 1506 1718 ignis

354 1733 403 1800 ira
423 1752 494 1801 mea
520 1733 553 1800 et
574 1734 683 1800 exurat
714 1733 747 1798 et
774 1750 836 1798 non
865 1733 909 1797 sit
936 1733 991 1816 qui
1020 1733 1191 1818 extingunt.
1226 1733 1330 1799 Item
1357 1733 1508 1818 Moyses

354 1836 469 1904 dicit:
502 1837 542 1902 In
570 1834 754 1902 nouissimis
781 1835 892 1900 diebus
921 1835 1125 1902 circumcidet
1156 1836 1241 1901 Deus
1271 1853 1323 1901 cor
1350 1836 1445 1901 tuum
1474 1837 1508 1901 et

319 1958 407 2006 recor
428 1938 557 2005 seminis
586 1938 636 2004 tui
665 1938 706 2003 ad
726 1937 900 2003 Dominum
928 1938 1032 2004 Deum
1062 1938 1240 2004 amandum.
1277 1938 1379 2004 Item
1401 1936 1508 2021 apud

355 2042 486 2109 Iesum
506 2039 630 2108 Naue:
653 2041 697 2107 lit
719 2039 801 2106 dixit
820 2039 976 2106 Dominus
999 2041 1039 2106 ad
1054 2040 1175 2106 Iesum:
1205 2039 1256 2106 fec
1277 2040 1339 2106 tibi
1360 2040 1507 2107 cultellos

352 2146 489 2228 petrinos
503 2145 600 2210 nimis
614 2144 721 2210 acutos
736 2143 769 2208 et
782 2140 890 2208 adside
902 2142 934 2207 et
949 2141 1135 2208 circumcide
1155 2141 1287 2207 secundo
1303 2141 1386 2208 filios
1400 2141 1507 2214 Israel,

353 2247 454 2313 Item
482 2246 631 2311 Paulus
660 2245 708 2312 ad
737 2241 1013 2311 colossenses:
1055 2240 1238 2310 circumcisi
1267 2243 1344 2309 estis
1370 2243 1506 2310 circum-

355 2348 471 2415 cisione
481 2366 543 2414 non
553 2345 737 2413 manufacta
751 2345 786 2411 in
800 2346 1008 2430 expoliatione
1030 2347 1132 2412 camis
1151 2346 1208 2412 aed
1221 2346 1255 2412 in
1270 2345 1505 2412 circumcisione

321 2449 482 2522 nOhristi.
505 2450 615 2516 Item
637 2447 742 2531 quod
764 2446 886 2513 Adam
908 2447 1059 2531 primus
1081 2467 1101 2513 a
1121 2448 1201 2513 Deo
1223 2448 1362 2514 factus
1383 2446 1506 2513 incir-

356 2552 554 2626 cumcisus
577 2550 615 2617 et
635 2550 737 2616 Abel
759 2549 897 2616 iustus
925 2552 963 2615 et
983 2550 1118 2617 llnoch
1148 2550 1220 2634 qui
1247 2550 1325 2618 Deo
1352 2548 1507 2634 placuit

356 2654 394 2720 et
414 2652 645 2721 translatus
677 2653 741 2720 est
762 2653 805 2719 et
824 2650 907 2719 Noe
935 2652 1003 2736 qui
1031 2653 1071 2718 in
1099 2651 1224 2718 terris
1252 2652 1439 2718 omnibns
1460 2650 1506 2718 ob

358 2756 511 2824 delicta
530 2753 790 2839 pereuntibus
812 2754 939 2834 solus,
976 2755 1016 2821 in
1043 2773 1116 2839 quo
1142 2756 1361 2822 humanum
1383 2773 1506 2841 genus

357 2863 600 2938 seruaretur,
633 2857 886 2936 electorem,
926 2858 965 2924 et
992 2857 1282 2936 Melchisedech
1304 2857 1506 2938 sacerdos,

322 2963 571 3032 sesecundum
592 2961 706 3029 cuius
728 2959 904 3030 ordinem
927 2957 1111 3026 Christus
1139 2961 1405 3042 repromissus
1433 2965 1508 3028 est:

462 3201 577 3268 slas,
590 3201 637 3260 18.
650 3217 691 3271 sq.
744 3198 984 3269 emensam.
1040 3199 1078 3256 14
1096 3198 1240 3254 Deuteron.
1254 3197 1303 3264 30,
1316 3197 1343 3256 6.
1398 3197 1509 3256 161οεΊ

359 3291 428 3356 &2-
483 3286 522 3346 18
540 3287 637 3352 colu,
650 3286 697 3343 11.

412 3476 553 3535 luenims
562 3475 630 3533 MV
695 3470 1021 3544 computamur,
1034 3469 1239 3538 cognonitwo
1306 3466 1460 3527 dereditll

361 3564 471 3620 illiAB
552 3562 571 3622 5
595 3560 683 3632 magis
707 3559 862 3615 dilexerant
884 3555 1008 3612 homines
1028 3555 1072 3620 M,
1092 3555 1180 3626 magis
1204 3553 1357 3610 dilexerant
1377 3553 1450 3623 1213,-
1474 3553 1512 3620 cf.

362 3655 421 3708 cat.
443 3649 543 3706 11131
595 3645 614 3705 9
634 3644 796 3717 prophetem
820 3659 871 3699 ona
890 3641 1000 3698 LMBo
1062 3641 1100 3699 10
1122 3641 1151 3694 in
1174 3645 1243 3695 ante
1262 3639 1428 3696 hierusalem
1440 3655 1513 3694 eras.

361 3737 435 3795 isola
506 3735 543 3793 11
556 3731 758 3788 reminaueritis
773 3729 802 3786 A
869 3729 907 3786 14
920 3727 1050 3785 dicatM'
1114 3726 1151 3783 16
1175 3725 1338 3782 ienuam
1398 3725 1514 3798 ieaull,

358 3823 522 3894 posciacum
534 3816 738 3875 erasueiaL
801 3814 938 3885 cultellos)
950 3813 1054 3870 cultros
1067 3815 1105 3870 M
1164 3813 1198 3872 l'l
1217 3811 1310 3868 adside
1322 3813 1351 3866 et
1363 3813 1431 3878 AL,
1450 3809 1514 3867 sede

363 3911 391 3966 et
411 3911 461 3978 111,
479 3905 606 3962 adsidens
627 3905 657 3960 et
676 3902 719 3970 B,
739 3900 905 3957 edmdemo
976 3898 1150 3956 circumcides
1171 3899 1200 3954 B
1275 3896 1348 3953 lilios
1368 3896 1452 3952 isreel
1472 3911 1516 3952 se-

364 3995 500 4051 candens
560 3985 1108 4055 180010nnmnn13‚ecsscsaeptm
1161 3985 1198 4043 19
1216 4000 1271 4040 non
1283 3986 1321 4041 11
1330 3985 1463 4040 adeat

366 4077 582 4135 manmlactaA
647 4072 856 4145 expoliationem
868 4070 954 4125 ΔΕΒ
1017 4071 1051 4125 21
1069 4071 1189 4140 ouante
1205 4069 1278 4142 abel)
1291 4071 1350 4126 Le.
1363 4068 1380 4124 l.
1394 4069 1463 4122 Μ

367 4167 460 4222 moed
519 4162 559 4221 22
582 4160 612 4216 in
630 4158 712 4215 terris
733 4155 862 4213 omnibus
879 4155 1037 4223 ALMBV,
1063 4156 1148 4211 terris
1166 4153 1404 4227 hominibusqueo
1465 4151 1517 4222 qui

367 4250 398 4306 cb
412 4251 451 4308 11
499 4249 537 4308 23
554 4247 660 4303 delecta
675 4247 703 4298 A
