3936 5032
421 399 483 463 194
829 393 976 448 coecilii
993 391 1164 462 Cypriani

418 567 490 616 suos
505 549 626 616 soleant
639 565 694 632 per
707 547 874 626 moritum,
896 547 1013 630 quanto
1039 547 1073 612 id
1100 547 1204 631 magis
1223 546 1387 612 obseruare
1403 543 1558 628 uirginem

419 653 467 720 las
493 653 560 730 est,
577 651 627 718 cui
652 651 741 717 nulls
766 651 893 716 ornatus
919 651 969 717 sui
995 650 1140 736 conpetat
1167 651 1258 718 uenis
1281 667 1338 716 noc
1363 647 1501 714 deriuari
1528 645 1561 711 in

419 755 557 822 ultorum
582 753 683 837 possit
709 753 908 827 mendacium
933 754 1064 836 cnlpae,
1087 754 1142 820 sed
1167 753 1234 819 sols
1258 753 1327 836 ipse
1346 752 1505 816 remnneot
1523 750 1558 814 in

421 876 560 923 cnmrne.

392 957 412 1018 1
464 959 666 1042 locupletem
688 961 721 1026 te
734 959 813 1025 dieis
834 960 867 1027 ei
887 960 1031 1026 diuitem.
1066 959 1121 1026 sed
1146 975 1209 1026 non
1233 975 1325 1024 omno
1349 957 1432 1041 quod
1456 956 1560 1039 potest
1584 967 1597 1006 ³

421 1061 514 1128 debet
536 1062 568 1126 et
589 1061 656 1127 lieri
677 1082 734 1129 nec
755 1062 909 1130 desideria
930 1063 1050 1146 prolixe
1070 1063 1104 1129 et
1128 1062 1167 1128 ds
1193 1061 1309 1128 soeculi
1323 1060 1494 1126 ambitione
1506 1078 1564 1123 ne·

421 1164 540 1228 scentia
551 1162 635 1228 ultra
645 1163 793 1229 honorem
807 1183 844 1230 cc
857 1165 1010 1248 pudorem
1020 1165 1215 1248 uirginitatis
1230 1163 1363 1241 extendi,
1379 1180 1452 1227 eum
1465 1161 1564 1244 scrip-

421 1267 491 1330 tum
502 1264 561 1330 sit:
580 1266 711 1332 omniu
724 1266 870 1346 licent,
886 1265 951 1332 sed
965 1284 1040 1332 non
1054 1266 1183 1332 omnia
1197 1264 1420 1349 expediunt.
1438 1262 1565 1328 omnis

422 1367 568 1445 licent,
592 1367 657 1431 sed
671 1384 743 1432 non
758 1369 891 1433 omniu
905 1366 1140 1434 aedificent.
1164 1369 1302 1433 osterum
1317 1367 1345 1432 si
1359 1367 1396 1430 tu
1410 1368 1443 1430 te
1457 1383 1565 1446 sump-

421 1469 545 1534 tuosius
560 1487 667 1534 comns
690 1471 722 1536 et
744 1487 799 1552 per
819 1470 984 1553 publicum
1006 1469 1190 1537 notabiliter
1203 1469 1343 1548 incedes,
1366 1468 1470 1534 oculos
1484 1467 1518 1532 in
1532 1467 1600 1532 tero

422 1571 599 1636 iuuentutis
614 1570 753 1650 inlicius,
778 1573 914 1655 suspirio
939 1572 1187 1639 odolescentium
1207 1573 1278 1656 post
1297 1573 1329 1636 te
1349 1571 1470 1648 uanos,
1493 1587 1565 1635 con·

423 1665 601 1756 cupiscendi
616 1672 779 1738 libidinem
794 1673 926 1752 nutmcs
942 1674 1087 1756 sperandi
1103 1673 1242 1740 lomento
1256 1673 1438 1749 succendas,
1454 1673 1492 1736 ut
1506 1673 1565 1736 etsi

422 1775 492 1860 ipso
507 1789 569 1840 non
583 1791 706 1856 percus,
729 1774 808 1840 elios
824 1775 930 1841 tamm
944 1775 1056 1857 perdes
1070 1775 1103 1841 et
1116 1776 1205 1840 uelut
1219 1775 1363 1858 glodium
1377 1775 1409 1840 tc
1425 1774 1457 1838 et
1470 1791 1565 1838 ueno-

423 1897 500 1942 num
516 1877 699 1942 uidentibus
713 1877 876 1961 praebens,
901 1875 1041 1943 excusari
1055 1894 1116 1943 non
1130 1878 1234 1959 potos,
1258 1876 1348 1959 quasi
1361 1875 1465 1941 mente
1480 1876 1566 1940 ceste

424 1979 468 2044 sis
484 1981 516 2045 et
531 1977 654 2060 pudice.
678 1979 840 2063 redarguit
855 1981 887 2044 te
902 1979 1008 2044 cultus
1023 1978 1171 2061 inprobus
1191 1980 1222 2044 et
1244 1978 1408 2060 inpudicus
1429 1978 1565 2055 ornatus,
1575 1994 1601 2034 ιε

425 2098 481 2145 nec
503 2081 668 2164 conputari
690 2081 755 2146 iem
776 2082 864 2164 potes
887 2081 970 2147 inter
991 2081 1112 2164 puellus
1133 2082 1165 2146 et
1190 2081 1328 2164 uirgines
1349 2078 1465 2146 Christi
1488 2099 1567 2162 quae

425 2181 473 2246 sie
487 2182 589 2263 uiuis,
613 2183 650 2247 ut
665 2182 764 2265 possis
780 2182 932 2250 edomari.

379 2289 417 2349 lo
469 2283 674 2365 locupletem
688 2287 720 2349 to
735 2284 814 2349 dicis
829 2287 862 2350 ot
877 2284 1020 2350 diuitem.
1043 2285 1099 2350 sed
1119 2285 1235 2350 iuetoro
1257 2285 1387 2350 diuitias
1408 2303 1480 2348 sues
1501 2285 1568 2346 uir-

427 2383 533 2467 ginem
549 2404 611 2450 non
626 2386 726 2462 decet,
742 2402 814 2450 oum
829 2384 915 2451 dicet
928 2386 1083 2468 scripture
1098 2385 1221 2451 diuino:
1244 2385 1469 2468 quidnobis
1485 2401 1569 2468 pro-

428 2486 508 2550 ruit
529 2486 719 2569 superbia
740 2488 808 2552 eut
829 2487 928 2570 quid
950 2487 1187 2556 diuitiarum
1202 2488 1369 2553 iactatio
1391 2487 1604 2553 contulitoo

427 2587 565 2653 nobis?
601 2588 854 2654 transierunt
876 2589 1006 2655 omnio
1032 2589 1106 2654 ille
1134 2592 1334 2672 tamquam
1355 2591 1506 2668 umbre,
1539 2592 1572 2656 et

428 2689 587 2772 apostolus
616 2709 742 2756 rursum
763 2693 890 2758 monent
918 2693 951 2759 et
972 2693 1072 2758 dicet:
1111 2691 1234 2775 etqui
1257 2693 1386 2758 emunt
1407 2693 1465 2757 sic
1486 2695 1571 2759 sint

429 2790 546 2872 quusi
572 2808 647 2856 non
680 2793 950 2876 possidentes,
988 2795 1027 2860 et
1055 2793 1121 2876 qui
1142 2795 1215 2859 hoo
1235 2795 1377 2860 mundo
1399 2795 1571 2861 utuntur

429 2891 546 2973 quusi
579 2912 652 2958 non
686 2897 862 2960 utentur.
906 2895 1115 2979 praeterit
1146 2897 1248 2961 enim
1282 2881 1420 2982 ligure
1451 2895 1571 2962 huius

429 2994 575 3060 mundi.
596 2994 710 3062 Petrus
725 2995 831 3075 etiem,
847 2997 898 3064 oui
912 3015 986 3064 oues
1001 3017 1073 3065 sues
1080 2998 1235 3065 Dominus
1248 2998 1414 3081 pascendos
1424 2997 1571 3064 tuendos-
1580 3018 1607 3059 n

430 3115 491 3178 que
505 3098 704 3175 conmendot,
728 3115 820 3181 super
834 3117 928 3181 quem
942 3101 1049 3181 posuit
1063 3103 1096 3167 et
1110 3100 1257 3166 fundauit
1270 3101 1442 3178 ecelesiam,
1459 3119 1572 3166 orrum

431 3198 561 3280 quidem
571 3197 632 3264 sibi
648 3217 715 3265 esse
729 3201 763 3264 et
776 3203 943 3284 argentum
953 3203 1056 3286 neget,
1068 3201 1123 3267 sod
1134 3217 1201 3268 osse
1213 3219 1246 3268 so
1257 3200 1458 3268 dicitOhristi
1469 3203 1573 3286 gretie

433 3299 583 3378 diuitem,
610 3318 677 3367 esse
692 3300 753 3367 fide
767 3302 834 3367 eius
849 3303 882 3368 et
896 3303 1016 3369 uirtute
1031 3302 1234 3386 locupletem,
1260 3303 1373 3386 quibus
1387 3303 1490 3369 multe
1504 3321 1572 3369 ms-

536 3486 768 3554 sicorrone.
822 3489 1059 3560 rosensem.
1112 3489 1388 3560 seruuluoosq.

487 3654 502 3706 1
522 3657 713 3726 mugirent*
773 3659 925 3730 uirgines¹
993 3661 1168 3716 2neoeaenc
1183 3660 1300 3715 ΨΜ
1369 3659 1525 3716 diriuerffl

433 3743 580 3800 odiosus
629 3743 803 3813 durclean
852 3742 888 3797 10
898 3744 1037 3813 puplicum
1046 3746 1096 3800 W¹
1109 3745 1221 3813 coepisco
1274 3745 1306 3799 11
1320 3745 1447 3801 iuuenum
1459 3745 1574 3800 Alutel-

433 3845 496 3885 mece
507 3828 543 3884 dc
554 3827 687 3884 omem
698 3829 771 3898 uiro.
842 3828 955 3884 inliceee
969 3829 993 3884 S
1071 3829 1317 3886 aduliscentiuan
1395 3832 1429 3886 12
1447 3829 1574 3901 sperandi

436 3913 569 3978 SWDV,
587 3911 742 3982 suspirandi
753 3931 783 3978 o,
803 3913 924 3983 spirandi
942 3915 1108 3970 Addtclmscs
1177 3915 1300 3970 fomitem
1317 3917 1343 3972 V
1408 3918 1534 3972 eomedas
1546 3921 1575 3971 et

435 3999 549 4070 sipseS
609 3999 642 4054 14
660 3999 798 4071 praebens]
811 3997 939 4054 exhibeas
948 4000 1112 4055 Aidlclmus
1164 4001 1254 4072 qussi]
1267 4001 1410 4072 quiesiD
1474 4004 1508 4059 16
1526 4019 1576 4059 nec

436 4100 516 4139 exne
533 4084 646 4138 Woud
699 4083 888 4154 compotoriD
939 4086 1411 4151 sustenementum
1463 4088 1497 4142 18
1515 4089 1571 4144 nir·

436 4171 528 4242 ginem
546 4172 616 4227 We.
630 4171 647 4226 1.
660 4175 728 4227 m
781 4172 992 4227 lenunculo
1043 4171 1121 4228 nobis
1134 4173 1308 4228 Vetusi?
1358 4173 1524 4230 2261111)

435 4256 472 4312 23
488 4257 569 4326 qussi
581 4257 642 4328 non]
656 4257 759 4314 adiecit
771 4259 908 4314 Reductus
920 4276 935 4315 c
946 4261 968 4314 2
981 4258 1076 4315 codd„-
1095 4262 1213 4314 ementes
1230 4261 1258 4312 et
1276 4259 1323 4329 qui
1338 4259 1479 4330 possident
1495 4260 1573 4329 quusi

436 4357 503 4408 non;
523 4343 558 4410 cs.
572 4349 631 4398 teet.
645 4343 702 4399 HI
709 4349 742 4399 11
752 4361 779 4414 p.
793 4347 848 4399 123
898 4345 933 4400 21
950 4344 1159 4416 diuitem'ponit
1170 4352 1237 4400 onte
1247 4345 1316 4400 dicit
1331 4345 1369 4400 W
1417 4347 1579 4417 grntismd
