3994 5044
711 387 757 442 De
774 401 874 458 opere
890 387 925 440 et
941 384 1164 456 eleemosynis
1181 401 1203 441 o.
1222 385 1297 440 1--4,
1491 392 1556 458 375

463 489 681 630 Agnoscamus
695 541 820 624 itaque,
841 539 954 605 fratres
969 539 1185 621 dilectissimi,
1200 541 1327 608 diuinae
1341 541 1584 628 indulgentia03

419 647 543 714 salubre
554 665 668 714 munus
681 643 738 734 [et]
752 645 956 711 emundandis
968 645 1198 729 purgandisque
1209 647 1345 728 peooatis
1359 647 1485 724 nostris,
1501 647 1555 729 qui

421 750 488 816 sine
502 750 608 832 aliquo
622 749 829 814 eonscientiae
843 747 972 813 uomere
986 765 1053 813 esse
1063 767 1125 814 uon
1135 765 1300 830 possumus
1309 748 1451 814 medellis
1461 749 1557 834 spiri-

420 852 539 918 talibus
553 853 686 918 uulnera
700 852 806 916 nostra
828 867 981 916 curemus.
1003 869 1061 917 neo
1082 851 1247 933 quiequam
1269 851 1315 917 sie
1337 851 1398 918 sibi
1420 853 1458 918 de
1479 871 1558 936 puro

399 956 521 1038 sadque
535 953 740 1020 immaculato
754 954 878 1036 pectore
892 951 1089 1030 blandiatur,
1122 956 1160 1018 ut
1181 953 1358 1020 innocentia
1379 973 1436 1020 sua
1457 955 1558 1021 fretus

420 1055 610 1123 medisinam
625 1076 686 1122 nou
700 1057 790 1138 putet
804 1054 1013 1120 adhibendam
1030 1073 1096 1120 esse
1111 1055 1302 1134 uulneribus,
1318 1075 1390 1121 oum
1405 1059 1559 1140 seriptum

420 1159 480 1225 sit:
504 1159 589 1241 quis
611 1157 854 1244 gloriabitur
877 1161 1028 1224 eastum
1052 1176 1091 1224 se
1112 1158 1260 1224 habere
1282 1178 1348 1225 eor
1374 1161 1441 1225 aut
1468 1161 1558 1242 quis

421 1261 664 1347 gloriabitur
687 1261 869 1326 mundum
892 1279 931 1326 se
954 1279 1038 1326 esse
1059 1281 1079 1326 a
1100 1263 1299 1344 peccatis?
1332 1264 1503 1329 etiterum
1526 1264 1558 1328 iu

420 1367 557 1448 epistula
581 1384 638 1430 sus
664 1364 928 1446 Iohannesponet
952 1364 985 1428 et
1010 1363 1111 1430 dieat:
1146 1365 1182 1428 si
1215 1365 1434 1431 dixerimus
1467 1366 1559 1448 quia

385 1469 624 1550 ropeeeatum
646 1487 719 1533 nou
741 1466 942 1544 habemus,
970 1467 1168 1550 nosipsos
1191 1466 1411 1551 desipimus
1433 1471 1474 1532 et
1496 1487 1559 1534 ue-

419 1572 519 1637 ritas
541 1571 580 1635 in
602 1570 716 1635 nobis
738 1585 810 1634 non
833 1571 901 1634 est.
926 1568 953 1632 si
969 1572 1076 1635 autem
1092 1587 1182 1634 nemo
1197 1588 1264 1635 osse
1279 1570 1345 1636 sine
1360 1572 1487 1654 peceato
1501 1588 1559 1654 po·

419 1674 484 1738 test
506 1675 539 1738 et
559 1673 691 1754 quisque
713 1689 746 1736 se
769 1671 965 1753 inculpatum
988 1671 1103 1737 dixerit
1125 1673 1180 1736 aut
1203 1672 1352 1756 superbus
1372 1675 1428 1737 sut
1442 1672 1560 1738 stultus

420 1776 486 1854 est,
508 1792 604 1858 quam
618 1773 807 1851 assessoris,
829 1791 925 1856 quam
940 1773 1075 1858 benigna
1089 1777 1138 1839 est
1154 1773 1262 1839 diuina
1277 1773 1458 1853 elementia,
1481 1791 1560 1856 quae

419 1895 492 1941 eum
521 1877 602 1942 seiat
629 1893 688 1940 non
718 1876 823 1940 deesse
851 1876 969 1940 sanetis
998 1877 1150 1957 quaedam
1178 1877 1379 1959 postmodum
1414 1876 1559 1954 uulnera,

386 2001 411 2040 re
422 1978 510 2044 dedit
532 1979 677 2044 curandis
700 1980 800 2044 denuo
822 1979 1027 2061 sanandisque
1049 1978 1231 2044 uulneribus
1247 1979 1383 2044 remedia
1398 1977 1558 2043 salamis.

464 2080 647 2162 Numquam
676 2081 824 2162 denique,
862 2081 975 2147 iratres
1001 2082 1219 2160 dilectissimi,
1255 2083 1426 2149 admonitio
1452 2085 1590 2151 diuinet

422 2183 558 2248 cessauit
582 2185 615 2248 et
641 2184 740 2248 tacuit
764 2185 929 2265 quominus
950 2183 982 2248 in
1006 2185 1169 2266 seripturis
1185 2186 1302 2250 sanetis
1317 2187 1384 2250 tum
1402 2184 1561 2251 ueteribus

421 2305 516 2368 quam
531 2285 621 2352 nouis
636 2303 759 2367 semper
773 2287 806 2350 et
820 2285 935 2367 ubique
950 2286 990 2351 ad
1005 2285 1238 2352 misericordiae
1252 2304 1345 2368 opera
1356 2286 1415 2352 Dei
1426 2285 1561 2368 populus

421 2392 643 2472 prouocaretur
657 2389 690 2453 et
704 2389 832 2453 canente
846 2387 948 2470 adque
963 2389 1143 2454 exhortante
1159 2387 1277 2471 Spiritu
1301 2391 1407 2455 saneto
1429 2388 1561 2470 quisque

386 2492 462 2558 ooad
484 2509 572 2573 spem
595 2490 682 2574 regni
705 2488 847 2555 caelestis
869 2490 1038 2555 instruitur
1051 2491 1151 2556 lasere
1167 2491 1376 2574 eleemosynas
1391 2488 1560 2555 iuberetur.

422 2592 551 2656 mandat
566 2595 599 2657 et
613 2591 766 2676 praecipit
780 2591 892 2657 Esaiae
906 2591 1011 2658 Deus:
1028 2592 1222 2670 exclama,
1244 2592 1364 2675 inquit,
1387 2591 1427 2656 in
1450 2589 1565 2656 forti·

423 2693 564 2760 tudine
597 2696 638 2759 et
671 2694 759 2759 noli
792 2712 961 2776 parcere.
997 2693 1104 2760 sieut
1136 2695 1231 2759 tuba
1266 2693 1396 2760 exalta
1428 2709 1564 2759 uoeem

527 2880 640 2936 iProu.
653 2881 695 2946 20,
710 2883 736 2936 9.
789 2879 894 2936 9110.
909 2882 933 2945 1,
946 2882 971 2934 8.
1025 2881 1059 2934 21
1078 2880 1176 2944 Esse,
1191 2883 1216 2937 1.

477 3034 493 3087 1
512 3033 684 3088 dilectissimi
702 3033 754 3089 SG
771 3041 798 3090 et
815 3035 966 3103 depastis.
985 3037 1002 3090 l.
1021 3050 1042 3090 c.
1062 3035 1114 3100 IV,
1133 3039 1182 3100 10,
1201 3037 1263 3100 27„
1280 3035 1416 3091 oefiesimi
1428 3033 1514 3090 FWo

422 3120 441 3174 2
459 3135 557 3174 munus
569 3119 675 3174 salubre
688 3137 706 3176 o
768 3119 806 3190 et]
819 3122 851 3174 ut
861 3137 879 3176 o
890 3121 1059 3191 Areqsoettnt,
1077 3137 1127 3177 osu.
1143 3121 1183 3186 ⁶,
1200 3124 1229 3176 et
1240 3121 1305 3189 qnia
1315 3119 1354 3189 85
1365 3135 1462 3174 munus
1473 3134 1566 3173 emun·

425 3205 667 3261 dandis-nostris
679 3206 766 3276 etqui
783 3207 854 3262 eost
871 3205 977 3262 Varus
1071 3205 1265 3262 emundantes
1342 3207 1360 3260 4
1378 3205 1434 3274 nee]
1446 3220 1480 3260 ne
1492 3205 1567 3260 wer

425 3292 944 3362 Aepus.contra1¹aian.1’et.zles
996 3294 1035 3347 sio
1046 3309 1095 3348 oua
1111 3295 1148 3348 W
1203 3292 1221 3346 5
1238 3290 1565 3360 usquequaquam.

425 3383 526 3432 eontra
537 3377 564 3432 d.
577 3378 656 3447 epist.
670 3378 728 3433 Pel.
790 3379 907 3448 pectore]
921 3378 1027 3435 sordeo
1087 3378 1252 3434 timendum
1265 3377 1306 3448 se]
1318 3377 1433 3433 mundus
1445 3376 1515 3432 FW

425 3462 590 3516 iliohuunes
603 3463 631 3516 in
644 3463 760 3532 epistola
772 3479 821 3518 sua
832 3463 902 3518 dicit
915 3463 939 3516 si
957 3463 983 3517 G
1037 3464 1167 3532 quoniam
1180 3464 1210 3519 F
1260 3463 1295 3518 10
1312 3462 1464 3531 decepimus
1477 3461 1516 3517 W

427 3548 459 3601 11
478 3563 531 3602 uon
543 3549 586 3602 est
598 3547 779 3604 SFWGVet
795 3548 931 3620 Aequos,
947 3563 1001 3604 uon
1017 3551 1067 3603 est
1081 3548 1105 3602 si
1123 3551 1215 3604 autern
1234 3547 1348 3604 ooulessi
1361 3546 1492 3601 inarimos
1504 3560 1566 3616 peo-

427 3637 489 3688 eota
499 3637 605 3699 nostra,
624 3633 713 3690 fidelis
725 3637 753 3689 et
765 3635 854 3690 iustus
865 3637 908 3690 est
920 3634 1058 3699 dominus,
1077 3635 1126 3703 qui
1143 3635 1222 3690 uobis
1234 3637 1345 3704 peooata
1357 3632 1513 3688 dimittuto

426 3721 461 3776 12
479 3721 632 3790 quiequieo
710 3721 748 3792 se]
761 3736 796 3776 ex
807 3723 836 3774 te
853 3721 927 3774 Wru.
939 3725 972 3784 2,
991 3737 1072 3775 orrao
1148 3726 1213 3790 post
1226 3721 1340 3788 quisque
1352 3717 1466 3774 sedem
1479 3723 1568 3774 totum

425 3807 527 3873 [otium
538 3808 571 3861 ta
582 3805 614 3862 F
657 3821 685 3860 se
697 3822 755 3860 esse
767 3805 868 3860 dixerit
878 3822 902 3869 o,
916 3822 973 3860 osse
984 3805 1209 3877 dixeritAuquet
1223 3806 1241 3861 1
1252 3823 1274 3862 e.
1288 3811 1390 3861 contro
1402 3803 1456 3859 lul.
1472 3802 1507 3859 P.

427 3893 531 3947 stultus
543 3892 646 3947 estant
657 3890 785 3961 superbus
802 3891 829 3946 0
887 3890 921 3945 13
938 3906 1020 3959 quarn
1032 3890 1195 3946 necessaria.
1205 3930 1213 3945 .
1223 3905 1306 3960 ‚quae
1317 3906 1368 3945 eoa
1381 3907 1398 3946 o
1409 3888 1569 3960 sapuerim·

427 3977 479 4035 tc.
490 3984 591 4034 costra
601 3977 675 4032 duos
686 3979 764 4046 epist.
780 3977 840 4032 Pel.
889 3978 923 4031 15
934 3977 1021 4032 denuo
1034 3976 1197 4034 ouraudieG
1245 3978 1277 4032 11
1291 3977 1329 4047 et]
1342 3991 1517 4044 numquamo

427 4065 486 4116 tarn
498 4079 524 4118 u.
537 4079 563 4132 q.
577 4063 655 4119 nouis
667 4079 717 4117 our.
732 4064 779 4132 W,·
797 4063 977 4131 cfip.188,6
1049 4063 1084 4118 18
1101 4064 1139 4133 et]
1152 4061 1225 4118 uto
1277 4063 1311 4117 19
1328 4059 1572 4129 exhortante1pro·

428 4151 542 4203 uocaute
558 4147 585 4202 θ
636 4147 788 4218 quinquies
840 4147 876 4203 20
893 4147 1020 4204 iubeatur
1030 4147 1069 4213 G,
1088 4147 1225 4204 iubeturo
1277 4147 1312 4202 21
1324 4144 1462 4218 pmeoepit
1478 4145 1518 4200 θ·

429 4233 495 4288 douo
506 4235 593 4289 eseiae
604 4234 734 4289 dioeneS
781 4235 816 4288 22
833 4233 914 4288 turba
930 4234 968 4289 0¹
