3994 5044
490 1267 572 1366 DE]
616 1267 820 1365 OPERE
860 1266 939 1364 ΕΤ
978 1261 1453 1363 ELEEMOSYNIS.

444 1517 565 1628 Multa
591 1561 623 1623 et
647 1577 761 1644 magna
786 1558 875 1636 sunt,
909 1557 1024 1623 fratres
1050 1557 1220 1634 carissimi,
1258 1557 1406 1622 beneficia
1431 1557 1566 1632 diuina}

400 1664 515 1747 quibus
531 1663 564 1726 in
580 1663 716 1727 salutem
730 1661 870 1726 nostram
891 1659 950 1724 Dei
970 1660 1071 1741 patris
1085 1660 1119 1724 ot
1132 1658 1250 1724 Christi
1266 1660 1356 1744 larga
1370 1660 1402 1722 et
1417 1660 1542 1740 copiosa

401 1765 568 1832 clementia
594 1766 627 1829 et
649 1763 776 1844 operata
789 1761 834 1827 sit
849 1764 882 1826 st
897 1781 1021 1843 semper
1035 1764 1198 1844 operetur,
1222 1762 1305 1843 qnod
1322 1762 1541 1828 conseruandis

366 1892 379 1931 ι
402 1888 439 1935 ae
464 1865 664 1934 nidificandis
690 1864 780 1930 nobis
803 1865 893 1945 pater
919 1863 1022 1928 filium
1048 1864 1137 1928 misit
1157 1866 1195 1928 ut
1210 1883 1352 1947 reparare
1366 1881 1422 1929 nos
1436 1867 1542 1948 posset

401 1972 545 2054 quodque
559 1968 644 2032 filius
659 1968 776 2033 missus
791 1985 858 2033 esse
872 1967 905 2031 et
919 1966 1056 2032 hominis
1071 1966 1155 2031 iilius
1179 1967 1284 2032 uocari
1299 1966 1404 2032 uoluit
1426 1969 1463 2032 ut
1485 1985 1541 2033 nos

400 2073 459 2138 Dei
475 2071 557 2136 tilios
572 2070 703 2134 faceret:
726 2068 913 2134 humiliauit
938 2087 972 2134 se
998 2072 1035 2134 ut
1062 2069 1215 2153 populum
1235 2069 1289 2151 qui
1317 2070 1404 2152 prius
1420 2069 1543 2136 iacebat

401 2174 549 2257 erigeret,
574 2173 757 2236 uulneratus
773 2171 821 2235 est
843 2173 881 2235 ut
903 2170 1035 2236 uulnera
1057 2173 1166 2235 nostra
1187 2171 1328 2250 curaret,
1350 2171 1485 2236 seruiuit
1506 2174 1543 2236 ut

402 2277 442 2341 ad
457 2275 637 2341 libertatem
652 2273 824 2339 seruientes
839 2275 1024 2338 extraheret.
1056 2274 1137 2339 mori
1157 2273 1311 2338 sustinuit
1324 2276 1363 2339 ut
1376 2273 1542 2339 immorta-

368 2377 526 2442 mlitatem
542 2376 731 2442 mortalibus
746 2374 914 2440 exhiberet.
941 2376 1044 2440 multa
1057 2374 1134 2440 haec
1149 2378 1224 2440 sunt
1239 2377 1271 2440 et
1286 2393 1403 2459 magna
1417 2375 1543 2440 diuinae

402 2479 631 2545 misericordiae
646 2496 784 2542 munera.
807 2477 861 2542 sed
877 2478 979 2542 adhuc
991 2477 1093 2559 qualis
1105 2477 1303 2560 prouidentia
1314 2477 1372 2543 illa
1384 2481 1416 2543 ot
1427 2480 1545 2560 quanta

402 2581 571 2647 clementia
586 2583 644 2658 est,
660 2581 742 2662 quod
757 2579 846 2643 nobis
862 2580 993 2644 salutari
1009 2580 1129 2645 ratione
1143 2579 1348 2662 prospicitur,
1372 2581 1409 2644 ut
1423 2578 1543 2644 homini

402 2683 456 2766 qui
471 2683 650 2766 redemptus
666 2684 713 2748 est
728 2683 913 2748 restruendo
928 2682 1051 2766 plenius
1072 2683 1264 2749 consulatur.
1287 2703 1361 2748 nam
1383 2703 1456 2748 cum
1477 2683 1543 2747 Do-

401 2786 506 2850 minus
529 2784 696 2851 adusniens
718 2786 856 2850 sanasset
879 2785 936 2850 illa
958 2803 1036 2867 quiae
1052 2783 1156 2850 Adam
1171 2788 1352 2868 permiserat
1366 2783 1498 2850 uulnera
1512 2787 1544 2850 et

368 2912 393 2952 rs
402 2905 520 2953 uenona
534 2888 686 2968 serpentis
702 2886 832 2969 antiqua
846 2888 1002 2965 curasset,
1025 2887 1129 2972 legem
1144 2887 1233 2954 dedit
1248 2907 1323 2953 sano
1339 2889 1372 2953 ot
1386 2887 1544 2970 praecepit

400 3008 440 3055 ne
462 2989 548 3055 ultra
570 2990 636 3053 iam
658 2992 814 3072 peccarat,
836 2989 965 3070 nequid
981 2990 1122 3070 peccanti
1137 2990 1267 3073 grauius
1283 2989 1432 3055 euenuet.
1455 3007 1544 3054 coar·

402 3091 463 3157 tati
478 3110 602 3158 oramus
631 3093 664 3159 ot
690 3093 722 3157 in
743 3093 913 3176 angustum
928 3090 1123 3158 innocentiae
1137 3091 1380 3174 praescriptione
1395 3090 1542 3156 conclusi.

400 3213 458 3260 nec
472 3194 600 3260 haberet
616 3194 691 3276 quid
707 3193 891 3277 fragilitatis
906 3195 1062 3260 humanae
1076 3193 1243 3258 infirmitas
1265 3194 1367 3277 adque
1389 3192 1545 3258 inbecilli·

400 3296 450 3360 tas
465 3295 596 3373 faceret,
618 3295 679 3361 nisi
695 3296 811 3360 iterum
825 3296 926 3377 pietas
941 3295 1050 3360 diuina
1064 3295 1252 3362 subueniens
1267 3295 1408 3361 iustitiae
1430 3298 1463 3360 et
1482 3295 1544 3360 mi-

365 3396 587 3465 msericordias
604 3397 748 3481 operibus
762 3397 895 3464 ostensis
910 3397 997 3463 uiam
1012 3397 1168 3481 quandam
1183 3397 1319 3464 tuendae
1333 3397 1447 3463 salutis
1470 3417 1545 3484 ape-

454 3600 565 3641 rscrmr
583 3600 621 3640 ns
638 3599 730 3639 osana
746 3600 782 3640 rm
799 3599 978 3640 suanosrsrs
991 3587 1175 3655 (auruosruss
1191 3587 1234 3654 W)
1245 3587 1322 3654 SW,
1341 3601 1451 3642 morsus
1468 3601 1547 3644 srva·

401 3685 461 3726 nau
479 3685 518 3726 na
535 3685 627 3726 onaan
646 3686 681 3725 an
698 3685 863 3726 suruosrrus
877 3670 904 3726 G
964 3671 983 3726 2
1000 3671 1146 3742 carissimi]
1159 3671 1332 3727 dilectissimi
1350 3673 1406 3728 GV
1461 3674 1547 3730 dser-

400 3756 497 3812 nandis
514 3757 541 3811 G
605 3756 623 3810 5
641 3755 729 3810 filium
740 3771 819 3811 suurn
831 3759 910 3825 pater
928 3755 954 3810 G
1017 3773 1095 3812 suurn
1107 3757 1216 3814 minito
1280 3758 1298 3810 6
1316 3775 1374 3812 osso
1386 3759 1424 3826 et]
1438 3775 1495 3814 asse
1512 3761 1546 3824 G,

400 3840 456 3896 diei
474 3857 503 3896 sc
515 3845 544 3896 et
559 3841 596 3906 V,
616 3841 688 3896 ussat
704 3841 809 3908 Oscos„
826 3845 869 3896 est
886 3844 917 3895 ot
929 3843 1044 3898 Marius
1056 3843 1203 3900 Mercator
1217 3861 1248 3914 p.
1261 3849 1318 3901 180
1341 3845 1383 3900 ed.
1395 3843 1495 3900 Bolus.

399 3925 489 3982 fliium
505 3927 531 3981 V
581 3927 673 3981 uocari
685 3927 727 3995 F,
746 3943 796 3982 om.
810 3925 947 3989 SWGV,
966 3927 1021 3982 dici
1037 3928 1140 3994 oxma..
1161 3929 1220 3984 fleri
1233 3931 1384 3995 Boionius,
1400 3947 1460 3986 esso
1471 3931 1549 3987 Mor.

400 4012 490 4067 Mers.
577 4012 596 4066 8
613 4014 720 4066 curaret
733 4011 885 4068 SFWGV
896 4018 922 4067 ct
936 4011 1014 4068 Mser.
1027 4013 1130 4078 Mero..
1150 4019 1289 4072 ssuarcto
1347 4018 1379 4071 11
1400 4015 1545 4086 prouiden-

400 4095 493 4154 tiaoS
555 4098 589 4151 12
606 4098 651 4167 nt]
663 4099 692 4152 et
702 4097 733 4151 F
791 4097 910 4152 hominis
923 4099 952 4153 1⁴¹
1013 4099 1047 4154 1³
1064 4104 1203 4156 reseruato
1214 4101 1246 4155 Β·
1297 4102 1451 4157 musolatur
1463 4103 1494 4158 F

401 4183 435 4236 15
453 4182 568 4252 antiqua
580 4183 680 4240 ΝΘ
693 4191 719 4240 ει
731 4185 909 4255 Acpuats‘aua
922 4191 1024 4240 eontra
1036 4185 1109 4241 duros
1121 4187 1199 4254 epiro.
1213 4187 1313 4256 Pelop.
1327 4188 1381 4250 IV,
1394 4193 1422 4250 8,
1435 4191 1489 4251 21,
1502 4203 1551 4244 au·

400 4266 494 4336 tiquas
501 4267 531 4332 S,
542 4267 677 4337 antiquio
723 4269 757 4324 16
766 4269 931 4337 pacanda*
986 4272 1018 4324 17
1028 4271 1224 4341 proscriptione
1239 4273 1264 4326 G
1311 4273 1345 4326 18
1357 4275 1415 4344 non]
1427 4273 1496 4328 neO

400 4353 437 4409 20
454 4354 578 4426 tuendae]
591 4354 705 4410 tenende
721 4355 746 4408 (ι’
