<?xml version="1.0" encoding="UTF-8"?>
<!DOCTYPE html PUBLIC "-//W3C//DTD XHTML 1.0 Transitional//EN"
    "http://www.w3.org/TR/xhtml1/DTD/xhtml1-transitional.dtd">
<html xmlns="http://www.w3.org/1999/xhtml" xml:lang="en" lang="en">
 <head>
  <title>
</title>
<meta http-equiv="Content-Type" content="text/html;charset=utf-8" />
  <meta name='ocr-system' content='tesseract 3.04.00' />
  <meta name='ocr-capabilities' content='ocr_page ocr_carea ocr_par ocr_line ocrx_word'/>
</head>
<body>
  <div class='ocr_page' id='page_1' title='image "./sthascicaecilic03cyprgoog_0200.png"; bbox 0 0 3936 5032; ppageno 0'>
   <div class='ocr_carea' id='block_1_1' title="bbox 683 328 1518 399">
    <p class='ocr_par' dir='ltr' id='par_1_1' title="bbox 683 328 1518 399">
     <span class='ocr_line' id='line_1_1' title="bbox 683 328 1518 399; baseline 0.011 -13"><span class='ocrx_word' id='word_1_1' title='bbox 683 331 729 388; x_wconf 91' lang='lat' dir='ltr'><strong>De</strong></span> <span class='ocrx_word' id='word_1_2' title='bbox 747 330 869 386; x_wconf 88' lang='lat' dir='ltr'><strong>habitu</strong></span> <span class='ocrx_word' id='word_1_3' title='bbox 888 328 1062 399; x_wconf 83' lang='lat' dir='ltr'><strong>uirginum</strong></span> <span class='ocrx_word' id='word_1_4' title='bbox 1081 344 1103 384; x_wconf 90' lang='lat' dir='ltr'><strong>c.</strong></span> <span class='ocrx_word' id='word_1_5' title='bbox 1124 329 1204 386; x_wconf 86' lang='lat'>1-4.</span> <span class='ocrx_word' id='word_1_6' title='bbox 1454 329 1518 396; x_wconf 89' lang='grc'><strong>189</strong></span> 
     </span>
    </p>
   </div>
   <div class='ocr_carea' id='block_1_2' title="bbox 326 481 1539 3014">
    <p class='ocr_par' dir='ltr' id='par_1_2' title="bbox 330 481 1520 1473">
     <span class='ocr_line' id='line_1_2' title="bbox 371 481 1520 568; baseline -0.001 -16"><span class='ocrx_word' id='word_1_7' title='bbox 371 485 427 552; x_wconf 89' lang='lat' dir='ltr'><strong>dat</strong></span> <span class='ocrx_word' id='word_1_8' title='bbox 442 483 572 552; x_wconf 89' lang='lat' dir='ltr'><strong>uiuendi</strong></span> <span class='ocrx_word' id='word_1_9' title='bbox 586 484 749 565; x_wconf 88' lang='lat' dir='ltr'><strong>timorem,</strong></span> <span class='ocrx_word' id='word_1_10' title='bbox 772 481 829 551; x_wconf 89' lang='lat' dir='ltr'><strong>det</strong></span> <span class='ocrx_word' id='word_1_11' title='bbox 841 482 1036 550; x_wconf 73' lang='lat' dir='ltr'><strong>innocentiae</strong></span> <span class='ocrx_word' id='word_1_12' title='bbox 1050 483 1171 568; x_wconf 90' lang='lat' dir='ltr'><strong>legem,</strong></span> <span class='ocrx_word' id='word_1_13' title='bbox 1194 481 1363 566; x_wconf 81' lang='lat' dir='ltr'><strong>postquem</strong></span> <span class='ocrx_word' id='word_1_14' title='bbox 1384 482 1520 550; x_wconf 91' lang='lat' dir='ltr'><strong>contulit</strong></span> 
     </span>
     <span class='ocr_line' id='line_1_3' title="bbox 371 585 1518 670; baseline -0.003 -15"><span class='ocrx_word' id='word_1_15' title='bbox 371 589 558 668; x_wconf 78' lang='lat' dir='ltr'><strong>sanitatem,</strong></span> <span class='ocrx_word' id='word_1_16' title='bbox 579 607 637 655; x_wconf 91' lang='lat' dir='ltr'><strong>noc</strong></span> <span class='ocrx_word' id='word_1_17' title='bbox 650 587 779 658; x_wconf 75' lang='lat' dir='ltr'><strong>habenis</strong></span> <span class='ocrx_word' id='word_1_18' title='bbox 793 587 903 652; x_wconf 91' lang='lat' dir='ltr'><strong>liberis</strong></span> <span class='ocrx_word' id='word_1_19' title='bbox 918 587 950 653; x_wconf 93' lang='lat' dir='ltr'><strong>et</strong></span> <span class='ocrx_word' id='word_1_20' title='bbox 964 586 1077 653; x_wconf 88' lang='lat' dir='ltr'><strong>solutis</strong></span> <span class='ocrx_word' id='word_1_21' title='bbox 1093 586 1203 670; x_wconf 82' lang='lat' dir='ltr'><strong>uagari</strong></span> <span class='ocrx_word' id='word_1_22' title='bbox 1217 585 1419 668; x_wconf 77' lang='lat' dir='ltr'><strong>postmodnm</strong></span> <span class='ocrx_word' id='word_1_23' title='bbox 1433 586 1518 670; x_wconf 88' lang='lat' dir='ltr'><strong>pati·</strong></span> 
     </span>
     <span class='ocr_line' id='line_1_4' title="bbox 371 678 1518 775; baseline -0.001 -20"><span class='ocrx_word' id='word_1_24' title='bbox 371 693 438 769; x_wconf 90' lang='lat' dir='ltr'><strong>tur,</strong></span> <span class='ocrx_word' id='word_1_25' title='bbox 473 690 527 756; x_wconf 90' lang='lat' dir='ltr'><strong>sod</strong></span> <span class='ocrx_word' id='word_1_26' title='bbox 549 691 627 775; x_wconf 88' lang='lat' dir='ltr'><strong>ipsis</strong></span> <span class='ocrx_word' id='word_1_27' title='bbox 648 689 754 774; x_wconf 84' lang='lat' dir='ltr'><strong>potius</strong></span> <span class='ocrx_word' id='word_1_28' title='bbox 777 689 891 773; x_wconf 87' lang='lat' dir='ltr'><strong>quibus</strong></span> <span class='ocrx_word' id='word_1_29' title='bbox 914 689 1043 756; x_wconf 77' lang='lat' dir='ltr'><strong>emotus</strong></span> <span class='ocrx_word' id='word_1_30' title='bbox 1065 678 1169 754; x_wconf 85' lang='lat' dir='ltr'><strong>fuerat</strong></span> <span class='ocrx_word' id='word_1_31' title='bbox 1190 688 1367 770; x_wconf 87' lang='lat' dir='ltr'><strong>mancipato</strong></span> <span class='ocrx_word' id='word_1_32' title='bbox 1388 687 1518 773; x_wconf 62' lang='lat' dir='ltr'><strong>munius</strong></span> 
     </span>
     <span class='ocr_line' id='line_1_5' title="bbox 370 788 1519 875; baseline -0.003 -17"><span class='ocrx_word' id='word_1_33' title='bbox 370 795 599 872; x_wconf 84' lang='lat' dir='ltr'><strong>comminetur,</strong></span> <span class='ocrx_word' id='word_1_34' title='bbox 632 793 715 875; x_wconf 85' lang='lat' dir='ltr'><strong>qnod</strong></span> <span class='ocrx_word' id='word_1_35' title='bbox 729 792 774 856; x_wconf 92' lang='lat' dir='ltr'><strong>sit</strong></span> <span class='ocrx_word' id='word_1_36' title='bbox 788 791 911 856; x_wconf 89' lang='lat' dir='ltr'><strong>scilicet</strong></span> <span class='ocrx_word' id='word_1_37' title='bbox 924 791 1028 855; x_wconf 87' lang='lat' dir='ltr'><strong>minor</strong></span> <span class='ocrx_word' id='word_1_38' title='bbox 1043 791 1136 872; x_wconf 88' lang='lat' dir='ltr'><strong>eulpa</strong></span> <span class='ocrx_word' id='word_1_39' title='bbox 1150 788 1319 871; x_wconf 80' lang='lat' dir='ltr'><strong>deliquisse</strong></span> <span class='ocrx_word' id='word_1_40' title='bbox 1332 790 1421 867; x_wconf 83' lang='lat' dir='ltr'><strong>unte,</strong></span> <span class='ocrx_word' id='word_1_41' title='bbox 1444 809 1519 856; x_wconf 93' lang='lat' dir='ltr'><strong>cnm</strong></span> 
     </span>
     <span class='ocr_line' id='line_1_6' title="bbox 332 890 1517 976; baseline -0.001 -18"><span class='ocrx_word' id='word_1_42' title='bbox 332 918 345 958; x_wconf 80' lang='lat' dir='ltr'><strong>s</strong></span> <span class='ocrx_word' id='word_1_43' title='bbox 369 895 503 961; x_wconf 91' lang='lat' dir='ltr'><strong>necdum</strong></span> <span class='ocrx_word' id='word_1_44' title='bbox 518 911 624 962; x_wconf 88' lang='lat' dir='ltr'><strong>nosses</strong></span> <span class='ocrx_word' id='word_1_45' title='bbox 639 891 838 976; x_wconf 73' lang='lat' dir='ltr'><strong>disciplinam</strong></span> <span class='ocrx_word' id='word_1_46' title='bbox 853 891 927 972; x_wconf 90' lang='lat' dir='ltr'><strong>Dei,</strong></span> <span class='ocrx_word' id='word_1_47' title='bbox 961 891 1051 958; x_wconf 85' lang='lat' dir='ltr'><strong>nulla</strong></span> <span class='ocrx_word' id='word_1_48' title='bbox 1064 890 1108 956; x_wconf 89' lang='lat' dir='ltr'><strong>sit</strong></span> <span class='ocrx_word' id='word_1_49' title='bbox 1123 893 1215 957; x_wconf 86' lang='lat' dir='ltr'><strong>uenia</strong></span> <span class='ocrx_word' id='word_1_50' title='bbox 1228 891 1313 956; x_wconf 86' lang='lat' dir='ltr'><strong>ultro</strong></span> <span class='ocrx_word' id='word_1_51' title='bbox 1328 890 1517 974; x_wconf 86' lang='lat' dir='ltr'><strong>delinquere,</strong></span> 
     </span>
     <span class='ocr_line' id='line_1_7' title="bbox 369 993 1517 1081; baseline -0.003 -18"><span class='ocrx_word' id='word_1_52' title='bbox 369 998 535 1081; x_wconf 74' lang='lat' dir='ltr'><strong>postquem</strong></span> <span class='ocrx_word' id='word_1_53' title='bbox 557 997 661 1064; x_wconf 90' lang='lat' dir='ltr'><strong>Deum</strong></span> <span class='ocrx_word' id='word_1_54' title='bbox 682 1013 772 1062; x_wconf 91' lang='lat' dir='ltr'><strong>nosse</strong></span> <span class='ocrx_word' id='word_1_55' title='bbox 793 995 932 1078; x_wconf 88' lang='lat' dir='ltr'><strong>coepisti.</strong></span> <span class='ocrx_word' id='word_1_56' title='bbox 957 996 990 1060; x_wconf 88' lang='lat' dir='ltr'><strong>ot</strong></span> <span class='ocrx_word' id='word_1_57' title='bbox 1011 994 1140 1077; x_wconf 89' lang='lat' dir='ltr'><strong>quidem</strong></span> <span class='ocrx_word' id='word_1_58' title='bbox 1166 993 1226 1058; x_wconf 91' lang='lat' dir='ltr'><strong>hoc</strong></span> <span class='ocrx_word' id='word_1_59' title='bbox 1247 994 1314 1059; x_wconf 86' lang='lat' dir='ltr'><strong>tam</strong></span> <span class='ocrx_word' id='word_1_60' title='bbox 1335 993 1399 1059; x_wconf 90' lang='lat' dir='ltr'><strong>uiri</strong></span> <span class='ocrx_word' id='word_1_61' title='bbox 1421 1011 1517 1076; x_wconf 86' lang='lat' dir='ltr'><strong>quum</strong></span> 
     </span>
     <span class='ocr_line' id='line_1_8' title="bbox 368 1095 1517 1184; baseline -0.003 -19"><span class='ocrx_word' id='word_1_62' title='bbox 368 1099 532 1180; x_wconf 88' lang='lat' dir='ltr'><strong>mulieres,</strong></span> <span class='ocrx_word' id='word_1_63' title='bbox 567 1100 634 1166; x_wconf 89' lang='lat' dir='ltr'><strong>tam</strong></span> <span class='ocrx_word' id='word_1_64' title='bbox 655 1098 744 1184; x_wconf 89' lang='lat' dir='ltr'><strong>puori</strong></span> <span class='ocrx_word' id='word_1_65' title='bbox 767 1116 862 1182; x_wconf 85' lang='lat' dir='ltr'><strong>quum</strong></span> <span class='ocrx_word' id='word_1_66' title='bbox 884 1096 1024 1181; x_wconf 87' lang='lat' dir='ltr'><strong>puellas,</strong></span> <span class='ocrx_word' id='word_1_67' title='bbox 1053 1114 1145 1162; x_wconf 79' lang='lat' dir='ltr'><strong>eorus</strong></span> <span class='ocrx_word' id='word_1_68' title='bbox 1167 1095 1269 1160; x_wconf 90' lang='lat' dir='ltr'><strong>omnis</strong></span> <span class='ocrx_word' id='word_1_69' title='bbox 1291 1095 1393 1179; x_wconf 87' lang='lat' dir='ltr'><strong>edque</strong></span> <span class='ocrx_word' id='word_1_70' title='bbox 1414 1095 1517 1163; x_wconf 89' lang='lat' dir='ltr'><strong>omnis</strong></span> 
     </span>
     <span class='ocr_line' id='line_1_9' title="bbox 366 1197 1515 1285; baseline -0.004 -15"><span class='ocrx_word' id='word_1_71' title='bbox 366 1203 454 1270; x_wconf 83' lang='lat' dir='ltr'><strong>cetae</strong></span> <span class='ocrx_word' id='word_1_72' title='bbox 468 1202 613 1269; x_wconf 90' lang='lat' dir='ltr'><strong>obsoruet</strong></span> <span class='ocrx_word' id='word_1_73' title='bbox 628 1203 662 1268; x_wconf 93' lang='lat' dir='ltr'><strong>et</strong></span> <span class='ocrx_word' id='word_1_74' title='bbox 675 1203 765 1268; x_wconf 90' lang='lat' dir='ltr'><strong>curet</strong></span> <span class='ocrx_word' id='word_1_75' title='bbox 778 1217 835 1284; x_wconf 91' lang='lat' dir='ltr'><strong>pro</strong></span> <span class='ocrx_word' id='word_1_76' title='bbox 849 1200 1004 1285; x_wconf 88' lang='lat' dir='ltr'><strong>religione</strong></span> <span class='ocrx_word' id='word_1_77' title='bbox 1019 1198 1053 1265; x_wconf 89' lang='lat' dir='ltr'><strong>ot</strong></span> <span class='ocrx_word' id='word_1_78' title='bbox 1066 1199 1127 1265; x_wconf 89' lang='lat' dir='ltr'><strong>lide</strong></span> <span class='ocrx_word' id='word_1_79' title='bbox 1147 1216 1243 1281; x_wconf 83' lang='lat' dir='ltr'><strong>quum</strong></span> <span class='ocrx_word' id='word_1_80' title='bbox 1257 1198 1325 1264; x_wconf 92' lang='lat' dir='ltr'><strong>Deo</strong></span> <span class='ocrx_word' id='word_1_81' title='bbox 1345 1197 1454 1278; x_wconf 87' lang='lat' dir='ltr'><strong>debet,</strong></span> <span class='ocrx_word' id='word_1_82' title='bbox 1476 1216 1515 1265; x_wconf 91' lang='lat' dir='ltr'><strong>ne</strong></span> 
     </span>
     <span class='ocr_line' id='line_1_10' title="bbox 366 1299 1514 1387; baseline -0.003 -17"><span class='ocrx_word' id='word_1_83' title='bbox 366 1305 449 1387; x_wconf 90' lang='lat' dir='ltr'><strong>quod</strong></span> <span class='ocrx_word' id='word_1_84' title='bbox 463 1305 606 1371; x_wconf 84' lang='lat' dir='ltr'><strong>sunctum</strong></span> <span class='ocrx_word' id='word_1_85' title='bbox 623 1304 656 1369; x_wconf 91' lang='lat' dir='ltr'><strong>et</strong></span> <span class='ocrx_word' id='word_1_86' title='bbox 669 1322 784 1385; x_wconf 90' lang='lat' dir='ltr'><strong>purum</strong></span> <span class='ocrx_word' id='word_1_87' title='bbox 806 1303 845 1368; x_wconf 88' lang='lat' dir='ltr'><strong>de</strong></span> <span class='ocrx_word' id='word_1_88' title='bbox 859 1301 989 1368; x_wconf 90' lang='lat' dir='ltr'><strong>Domini</strong></span> <span class='ocrx_word' id='word_1_89' title='bbox 1015 1301 1195 1385; x_wconf 79' lang='lat' dir='ltr'><strong>dignatione</strong></span> <span class='ocrx_word' id='word_1_90' title='bbox 1215 1299 1387 1383; x_wconf 81' lang='lat' dir='ltr'><strong>percipitur</strong></span> <span class='ocrx_word' id='word_1_91' title='bbox 1408 1300 1514 1367; x_wconf 91' lang='lat' dir='ltr'><strong>minus</strong></span> 
     </span>
     <span class='ocr_line' id='line_1_11' title="bbox 330 1405 796 1473; baseline 0 -3"><span class='ocrx_word' id='word_1_92' title='bbox 330 1430 355 1470; x_wconf 87' lang='lat' dir='ltr'><strong>n</strong></span> <span class='ocrx_word' id='word_1_93' title='bbox 364 1405 500 1472; x_wconf 90' lang='lat' dir='ltr'><strong>sollicito</strong></span> <span class='ocrx_word' id='word_1_94' title='bbox 515 1405 629 1473; x_wconf 89' lang='lat' dir='ltr'><strong>timore</strong></span> <span class='ocrx_word' id='word_1_95' title='bbox 644 1406 796 1472; x_wconf 87' lang='lat' dir='ltr'><strong>tenestur.</strong></span> 
     </span>
    </p>

    <p class='ocr_par' dir='ltr' id='par_1_3' title="bbox 363 1503 1539 1897">
     <span class='ocr_line' id='line_1_12' title="bbox 406 1503 1539 1592; baseline -0.004 -19"><span class='ocrx_word' id='word_1_96' title='bbox 406 1509 499 1576; x_wconf 89' lang='lat' dir='ltr'><strong>Nunc</strong></span> <span class='ocrx_word' id='word_1_97' title='bbox 512 1507 602 1574; x_wconf 87' lang='lat' dir='ltr'><strong>nobie</strong></span> <span class='ocrx_word' id='word_1_98' title='bbox 616 1506 658 1572; x_wconf 88' lang='lat' dir='ltr'><strong>od</strong></span> <span class='ocrx_word' id='word_1_99' title='bbox 671 1506 811 1592; x_wconf 90' lang='lat' dir='ltr'><strong>uirgines</strong></span> <span class='ocrx_word' id='word_1_100' title='bbox 826 1523 928 1572; x_wconf 92' lang='lat' dir='ltr'><strong>sermo</strong></span> <span class='ocrx_word' id='word_1_101' title='bbox 944 1507 1002 1585; x_wconf 90' lang='lat' dir='ltr'><strong>est,</strong></span> <span class='ocrx_word' id='word_1_102' title='bbox 1016 1524 1148 1588; x_wconf 86' lang='lat' dir='ltr'><strong>quarum</strong></span> <span class='ocrx_word' id='word_1_103' title='bbox 1160 1522 1222 1590; x_wconf 89' lang='lat' dir='ltr'><strong>quo</strong></span> <span class='ocrx_word' id='word_1_104' title='bbox 1232 1503 1399 1570; x_wconf 88' lang='lat' dir='ltr'><strong>sublimior</strong></span> <span class='ocrx_word' id='word_1_105' title='bbox 1409 1503 1539 1590; x_wconf 70' lang='lat' dir='ltr'><strong>glorias</strong></span> 
     </span>
     <span class='ocr_line' id='line_1_13' title="bbox 363 1605 1509 1689; baseline -0.002 -15"><span class='ocrx_word' id='word_1_106' title='bbox 363 1610 412 1674; x_wconf 91' lang='lat' dir='ltr'><strong>eet</strong></span> <span class='ocrx_word' id='word_1_107' title='bbox 432 1608 534 1675; x_wconf 87' lang='lat' dir='ltr'><strong>meior</strong></span> <span class='ocrx_word' id='word_1_108' title='bbox 554 1609 587 1674; x_wconf 91' lang='lat' dir='ltr'><strong>et</strong></span> <span class='ocrx_word' id='word_1_109' title='bbox 608 1627 684 1675; x_wconf 86' lang='lat' dir='ltr'><strong>curs</strong></span> <span class='ocrx_word' id='word_1_110' title='bbox 705 1609 764 1673; x_wconf 90' lang='lat' dir='ltr'><strong>est.</strong></span> <span class='ocrx_word' id='word_1_111' title='bbox 785 1606 842 1673; x_wconf 86' lang='lat' dir='ltr'><strong>flos</strong></span> <span class='ocrx_word' id='word_1_112' title='bbox 864 1607 914 1672; x_wconf 91' lang='lat' dir='ltr'><strong>est</strong></span> <span class='ocrx_word' id='word_1_113' title='bbox 935 1606 992 1672; x_wconf 91' lang='lat' dir='ltr'><strong>ille</strong></span> <span class='ocrx_word' id='word_1_114' title='bbox 1006 1605 1208 1673; x_wconf 82' lang='lat' dir='ltr'><strong>ecclesiustici</strong></span> <span class='ocrx_word' id='word_1_115' title='bbox 1223 1605 1391 1689; x_wconf 87' lang='lat' dir='ltr'><strong>germinis,</strong></span> <span class='ocrx_word' id='word_1_116' title='bbox 1415 1606 1509 1672; x_wconf 88' lang='lat' dir='ltr'><strong>docus</strong></span> 
     </span>
     <span class='ocr_line' id='line_1_14' title="bbox 363 1707 1510 1796; baseline -0.002 -19"><span class='ocrx_word' id='word_1_117' title='bbox 363 1711 463 1794; x_wconf 82' lang='lat' dir='ltr'><strong>adque</strong></span> <span class='ocrx_word' id='word_1_118' title='bbox 478 1711 696 1778; x_wconf 75' lang='lat' dir='ltr'><strong>ornamentum</strong></span> <span class='ocrx_word' id='word_1_119' title='bbox 710 1710 832 1796; x_wconf 81' lang='lat' dir='ltr'><strong>gratioe</strong></span> <span class='ocrx_word' id='word_1_120' title='bbox 846 1708 1015 1792; x_wconf 86' lang='lat' dir='ltr'><strong>spiritalis,</strong></span> <span class='ocrx_word' id='word_1_121' title='bbox 1030 1708 1116 1775; x_wconf 87' lang='lat' dir='ltr'><strong>laeta</strong></span> <span class='ocrx_word' id='word_1_122' title='bbox 1128 1707 1264 1788; x_wconf 87' lang='lat' dir='ltr'><strong>indoles,</strong></span> <span class='ocrx_word' id='word_1_123' title='bbox 1286 1707 1391 1777; x_wconf 86' lang='lat' dir='ltr'><strong>leudis</strong></span> <span class='ocrx_word' id='word_1_124' title='bbox 1406 1712 1438 1776; x_wconf 90' lang='lat' dir='ltr'><strong>et</strong></span> <span class='ocrx_word' id='word_1_125' title='bbox 1452 1709 1510 1776; x_wconf 88' lang='lat' dir='ltr'><strong>ho-</strong></span> 
     </span>
     <span class='ocr_line' id='line_1_15' title="bbox 363 1809 1510 1897; baseline -0.001 -18"><span class='ocrx_word' id='word_1_126' title='bbox 363 1812 449 1880; x_wconf 88' lang='lat' dir='ltr'><strong>noris</strong></span> <span class='ocrx_word' id='word_1_127' title='bbox 471 1830 549 1895; x_wconf 92' lang='lat' dir='ltr'><strong>opus</strong></span> <span class='ocrx_word' id='word_1_128' title='bbox 571 1812 733 1897; x_wconf 88' lang='lat' dir='ltr'><strong>integrum</strong></span> <span class='ocrx_word' id='word_1_129' title='bbox 748 1811 849 1894; x_wconf 87' lang='lat' dir='ltr'><strong>adque</strong></span> <span class='ocrx_word' id='word_1_130' title='bbox 871 1811 1104 1893; x_wconf 86' lang='lat' dir='ltr'><strong>incorruptum,</strong></span> <span class='ocrx_word' id='word_1_131' title='bbox 1126 1809 1187 1875; x_wconf 90' lang='lat' dir='ltr'><strong>Dei</strong></span> <span class='ocrx_word' id='word_1_132' title='bbox 1201 1810 1308 1895; x_wconf 87' lang='lat' dir='ltr'><strong>imago</strong></span> <span class='ocrx_word' id='word_1_133' title='bbox 1322 1813 1510 1896; x_wconf 86' lang='lat' dir='ltr'><strong>respondens</strong></span> 
     </span>
    </p>

    <p class='ocr_par' dir='ltr' id='par_1_4' title="bbox 327 1911 1512 2403">
     <span class='ocr_line' id='line_1_16' title="bbox 327 1911 1512 1998; baseline -0.003 -16"><span class='ocrx_word' id='word_1_134' title='bbox 327 1943 353 1982; x_wconf 77' lang='lat' dir='ltr'><strong>n</strong></span> <span class='ocrx_word' id='word_1_135' title='bbox 362 1916 402 1981; x_wconf 89' lang='lat' dir='ltr'><strong>ad</strong></span> <span class='ocrx_word' id='word_1_136' title='bbox 417 1916 659 1982; x_wconf 86' lang='lat' dir='ltr'><strong>sanctimoniam</strong></span> <span class='ocrx_word' id='word_1_137' title='bbox 674 1914 812 1994; x_wconf 89' lang='lat' dir='ltr'><strong>Domini,</strong></span> <span class='ocrx_word' id='word_1_138' title='bbox 828 1913 992 1979; x_wconf 82' lang='lat' dir='ltr'><strong>inlustrior</strong></span> <span class='ocrx_word' id='word_1_139' title='bbox 1005 1912 1106 1995; x_wconf 90' lang='lat' dir='ltr'><strong>portio</strong></span> <span class='ocrx_word' id='word_1_140' title='bbox 1122 1912 1227 1998; x_wconf 87' lang='lat' dir='ltr'><strong>gregis</strong></span> <span class='ocrx_word' id='word_1_141' title='bbox 1242 1911 1370 1980; x_wconf 80' lang='lat' dir='ltr'><strong>sumti.</strong></span> <span class='ocrx_word' id='word_1_142' title='bbox 1393 1911 1512 1998; x_wconf 87' lang='lat' dir='ltr'><strong>gaudet</strong></span> 
     </span>
     <span class='ocr_line' id='line_1_17' title="bbox 362 2013 1512 2100; baseline -0.002 -18"><span class='ocrx_word' id='word_1_143' title='bbox 362 2034 417 2097; x_wconf 88' lang='lat' dir='ltr'><strong>per</strong></span> <span class='ocrx_word' id='word_1_144' title='bbox 443 2015 516 2080; x_wconf 86' lang='lat' dir='ltr'><strong>illus</strong></span> <span class='ocrx_word' id='word_1_145' title='bbox 542 2015 643 2100; x_wconf 80' lang='lat' dir='ltr'><strong>adque</strong></span> <span class='ocrx_word' id='word_1_146' title='bbox 668 2014 704 2080; x_wconf 91' lang='lat' dir='ltr'><strong>in</strong></span> <span class='ocrx_word' id='word_1_147' title='bbox 728 2015 796 2081; x_wconf 93' lang='lat' dir='ltr'><strong>illis</strong></span> <span class='ocrx_word' id='word_1_148' title='bbox 821 2014 952 2100; x_wconf 77' lang='lat' dir='ltr'><strong>largiter</strong></span> <span class='ocrx_word' id='word_1_149' title='bbox 978 2013 1069 2080; x_wconf 88' lang='lat' dir='ltr'><strong>floret</strong></span> <span class='ocrx_word' id='word_1_150' title='bbox 1090 2014 1237 2080; x_wconf 82' lang='lat' dir='ltr'><strong>ecclesius</strong></span> <span class='ocrx_word' id='word_1_151' title='bbox 1250 2014 1362 2081; x_wconf 86' lang='lat' dir='ltr'><strong>metris</strong></span> <span class='ocrx_word' id='word_1_152' title='bbox 1378 2015 1512 2100; x_wconf 88' lang='lat' dir='ltr'><strong>gloriosa</strong></span> 
     </span>
     <span class='ocr_line' id='line_1_18' title="bbox 362 2115 1512 2200; baseline -0.001 -19"><span class='ocrx_word' id='word_1_153' title='bbox 362 2115 552 2195; x_wconf 72' lang='lat' dir='ltr'><strong>fecunditas,</strong></span> <span class='ocrx_word' id='word_1_154' title='bbox 576 2117 752 2198; x_wconf 88' lang='lat' dir='ltr'><strong>quantoque</strong></span> <span class='ocrx_word' id='word_1_155' title='bbox 773 2116 846 2199; x_wconf 87' lang='lat' dir='ltr'><strong>plus</strong></span> <span class='ocrx_word' id='word_1_156' title='bbox 869 2116 993 2197; x_wconf 85' lang='lat' dir='ltr'><strong>copiose</strong></span> <span class='ocrx_word' id='word_1_157' title='bbox 1015 2115 1182 2200; x_wconf 73' lang='lat' dir='ltr'><strong>uirginitas</strong></span> <span class='ocrx_word' id='word_1_158' title='bbox 1196 2133 1326 2182; x_wconf 90' lang='lat' dir='ltr'><strong>numero</strong></span> <span class='ocrx_word' id='word_1_159' title='bbox 1340 2133 1397 2182; x_wconf 91' lang='lat' dir='ltr'><strong>suo</strong></span> <span class='ocrx_word' id='word_1_160' title='bbox 1412 2115 1512 2195; x_wconf 81' lang='lat' dir='ltr'><strong>addit,</strong></span> 
     </span>
     <span class='ocr_line' id='line_1_19' title="bbox 362 2215 1512 2303; baseline 0 -20"><span class='ocrx_word' id='word_1_161' title='bbox 362 2217 515 2303; x_wconf 87' lang='lat' dir='ltr'><strong>gaudium</strong></span> <span class='ocrx_word' id='word_1_162' title='bbox 529 2218 644 2282; x_wconf 82' lang='lat' dir='ltr'><strong>metris</strong></span> <span class='ocrx_word' id='word_1_163' title='bbox 659 2216 810 2302; x_wconf 79' lang='lat' dir='ltr'><strong>augescit.</strong></span> <span class='ocrx_word' id='word_1_164' title='bbox 833 2215 946 2282; x_wconf 84' lang='lat' dir='ltr'><strong>adhue</strong></span> <span class='ocrx_word' id='word_1_165' title='bbox 961 2217 1135 2299; x_wconf 89' lang='lat' dir='ltr'><strong>loquimur,</strong></span> <span class='ocrx_word' id='word_1_166' title='bbox 1156 2217 1215 2283; x_wconf 85' lang='lat' dir='ltr'><strong>hos</strong></span> <span class='ocrx_word' id='word_1_167' title='bbox 1236 2217 1441 2284; x_wconf 85' lang='lat' dir='ltr'><strong>adhortamur</strong></span> <span class='ocrx_word' id='word_1_168' title='bbox 1455 2218 1512 2282; x_wconf 87' lang='lat' dir='ltr'><strong>ad·</strong></span> 
     </span>
     <span class='ocr_line' id='line_1_20' title="bbox 361 2318 1512 2403; baseline 0.001 -20"><span class='ocrx_word' id='word_1_169' title='bbox 361 2318 446 2386; x_wconf 83' lang='lat' dir='ltr'><strong>fectu</strong></span> <span class='ocrx_word' id='word_1_170' title='bbox 460 2319 568 2402; x_wconf 89' lang='lat' dir='ltr'><strong>potius</strong></span> <span class='ocrx_word' id='word_1_171' title='bbox 588 2337 683 2403; x_wconf 83' lang='lat' dir='ltr'><strong>quum</strong></span> <span class='ocrx_word' id='word_1_172' title='bbox 697 2320 853 2402; x_wconf 83' lang='lat' dir='ltr'><strong>potestate</strong></span> <span class='ocrx_word' id='word_1_173' title='bbox 873 2335 930 2384; x_wconf 89' lang='lat' dir='ltr'><strong>nee</strong></span> <span class='ocrx_word' id='word_1_174' title='bbox 950 2337 1011 2402; x_wconf 92' lang='lat' dir='ltr'><strong>quo</strong></span> <span class='ocrx_word' id='word_1_175' title='bbox 1026 2318 1156 2384; x_wconf 87' lang='lat' dir='ltr'><strong>extremi</strong></span> <span class='ocrx_word' id='word_1_176' title='bbox 1172 2320 1205 2384; x_wconf 88' lang='lat' dir='ltr'><strong>et</strong></span> <span class='ocrx_word' id='word_1_177' title='bbox 1218 2318 1343 2384; x_wconf 87' lang='lat' dir='ltr'><strong>minimi</strong></span> <span class='ocrx_word' id='word_1_178' title='bbox 1359 2320 1392 2384; x_wconf 91' lang='lat' dir='ltr'><strong>et</strong></span> <span class='ocrx_word' id='word_1_179' title='bbox 1405 2319 1512 2384; x_wconf 92' lang='lat' dir='ltr'><strong>humi-</strong></span> 
     </span>
    </p>

    <p class='ocr_par' dir='ltr' id='par_1_5' title="bbox 327 2419 1512 2694">
     <span class='ocr_line' id='line_1_21' title="bbox 327 2419 1512 2504; baseline 0.003 -22"><span class='ocrx_word' id='word_1_180' title='bbox 327 2438 355 2482; x_wconf 83' lang='lat' dir='ltr'><strong>eo</strong></span> <span class='ocrx_word' id='word_1_181' title='bbox 362 2423 467 2490; x_wconf 80' lang='lat' dir='ltr'><strong>litatis</strong></span> <span class='ocrx_word' id='word_1_182' title='bbox 480 2424 605 2490; x_wconf 82' lang='lat' dir='ltr'><strong>nostrus</strong></span> <span class='ocrx_word' id='word_1_183' title='bbox 619 2421 791 2488; x_wconf 88' lang='lat' dir='ltr'><strong>admodum</strong></span> <span class='ocrx_word' id='word_1_184' title='bbox 801 2421 916 2487; x_wconf 88' lang='lat' dir='ltr'><strong>conscii</strong></span> <span class='ocrx_word' id='word_1_185' title='bbox 928 2419 1049 2504; x_wconf 84' lang='lat' dir='ltr'><strong>aliquid</strong></span> <span class='ocrx_word' id='word_1_186' title='bbox 1060 2420 1102 2486; x_wconf 87' lang='lat' dir='ltr'><strong>od</strong></span> <span class='ocrx_word' id='word_1_187' title='bbox 1113 2438 1275 2488; x_wconf 90' lang='lat' dir='ltr'><strong>censuram</strong></span> <span class='ocrx_word' id='word_1_188' title='bbox 1284 2420 1429 2486; x_wconf 84' lang='lat' dir='ltr'><strong>licentiae</strong></span> <span class='ocrx_word' id='word_1_189' title='bbox 1439 2421 1512 2486; x_wconf 91' lang='lat' dir='ltr'><strong>uin·</strong></span> 
     </span>
     <span class='ocr_line' id='line_1_22' title="bbox 363 2523 1511 2609; baseline 0.001 -20"><span class='ocrx_word' id='word_1_190' title='bbox 363 2524 521 2603; x_wconf 86' lang='lat' dir='ltr'><strong>dicemus,</strong></span> <span class='ocrx_word' id='word_1_191' title='bbox 543 2524 600 2590; x_wconf 88' lang='lat' dir='ltr'><strong>sed</strong></span> <span class='ocrx_word' id='word_1_192' title='bbox 615 2525 697 2607; x_wconf 88' lang='lat' dir='ltr'><strong>quod</strong></span> <span class='ocrx_word' id='word_1_193' title='bbox 712 2523 754 2589; x_wconf 86' lang='lat' dir='ltr'><strong>sd</strong></span> <span class='ocrx_word' id='word_1_194' title='bbox 768 2523 1015 2590; x_wconf 88' lang='lat' dir='ltr'><strong>sollicitudinem</strong></span> <span class='ocrx_word' id='word_1_195' title='bbox 1031 2524 1134 2609; x_wconf 83' lang='lat' dir='ltr'><strong>mugis</strong></span> <span class='ocrx_word' id='word_1_196' title='bbox 1149 2523 1235 2590; x_wconf 82' lang='lat' dir='ltr'><strong>couti</strong></span> <span class='ocrx_word' id='word_1_197' title='bbox 1254 2525 1325 2607; x_wconf 91' lang='lat' dir='ltr'><strong>plus</strong></span> <span class='ocrx_word' id='word_1_198' title='bbox 1340 2523 1379 2590; x_wconf 90' lang='lat' dir='ltr'><strong>de</strong></span> <span class='ocrx_word' id='word_1_199' title='bbox 1393 2523 1511 2590; x_wconf 85' lang='lat' dir='ltr'><strong>diaboli</strong></span> 
     </span>
     <span class='ocr_line' id='line_1_23' title="bbox 364 2625 756 2694; baseline 0 -2"><span class='ocrx_word' id='word_1_200' title='bbox 364 2625 563 2694; x_wconf 65' lang='lat' dir='ltr'><strong>mutatione</strong></span> <span class='ocrx_word' id='word_1_201' title='bbox 577 2625 756 2693; x_wconf 88' lang='lat' dir='ltr'><strong>timosmus.</strong></span> 
     </span>
    </p>

    <p class='ocr_par' dir='ltr' id='par_1_6' title="bbox 363 2726 1539 2913">
     <span class='ocr_line' id='line_1_24' title="bbox 407 2726 1539 2812; baseline -0.001 -17"><span class='ocrx_word' id='word_1_202' title='bbox 407 2726 518 2812; x_wconf 86' lang='lat' dir='ltr'><strong>Neque</strong></span> <span class='ocrx_word' id='word_1_203' title='bbox 532 2729 635 2794; x_wconf 89' lang='lat' dir='ltr'><strong>inunis</strong></span> <span class='ocrx_word' id='word_1_204' title='bbox 649 2729 726 2795; x_wconf 81' lang='lat' dir='ltr'><strong>nnec</strong></span> <span class='ocrx_word' id='word_1_205' title='bbox 741 2728 845 2795; x_wconf 91' lang='lat' dir='ltr'><strong>cautio</strong></span> <span class='ocrx_word' id='word_1_206' title='bbox 861 2729 911 2795; x_wconf 88' lang='lat' dir='ltr'><strong>est</strong></span> <span class='ocrx_word' id='word_1_207' title='bbox 924 2730 958 2794; x_wconf 91' lang='lat' dir='ltr'><strong>ot</strong></span> <span class='ocrx_word' id='word_1_208' title='bbox 971 2746 1054 2795; x_wconf 89' lang='lat' dir='ltr'><strong>uana</strong></span> <span class='ocrx_word' id='word_1_209' title='bbox 1075 2727 1210 2794; x_wconf 82' lang='lat' dir='ltr'><strong>formido</strong></span> <span class='ocrx_word' id='word_1_210' title='bbox 1232 2747 1311 2812; x_wconf 90' lang='lat' dir='ltr'><strong>quoe</strong></span> <span class='ocrx_word' id='word_1_211' title='bbox 1333 2728 1373 2794; x_wconf 87' lang='lat' dir='ltr'><strong>ad</strong></span> <span class='ocrx_word' id='word_1_212' title='bbox 1395 2727 1539 2794; x_wconf 80' lang='lat' dir='ltr'><strong>sulutisl</strong></span> 
     </span>
     <span class='ocr_line' id='line_1_25' title="bbox 363 2828 1510 2913; baseline 0 -19"><span class='ocrx_word' id='word_1_213' title='bbox 363 2829 451 2895; x_wconf 85' lang='lat' dir='ltr'><strong>uiam</strong></span> <span class='ocrx_word' id='word_1_214' title='bbox 473 2829 623 2909; x_wconf 91' lang='lat' dir='ltr'><strong>consulit,</strong></span> <span class='ocrx_word' id='word_1_215' title='bbox 647 2847 726 2913; x_wconf 84' lang='lat' dir='ltr'><strong>quse</strong></span> <span class='ocrx_word' id='word_1_216' title='bbox 742 2829 900 2895; x_wconf 87' lang='lat' dir='ltr'><strong>dominica</strong></span> <span class='ocrx_word' id='word_1_217' title='bbox 921 2828 955 2895; x_wconf 90' lang='lat' dir='ltr'><strong>ot</strong></span> <span class='ocrx_word' id='word_1_218' title='bbox 975 2829 1090 2895; x_wconf 83' lang='lat' dir='ltr'><strong>nitelis</strong></span> <span class='ocrx_word' id='word_1_219' title='bbox 1110 2832 1277 2912; x_wconf 75' lang='lat' dir='ltr'><strong>praecepte</strong></span> <span class='ocrx_word' id='word_1_220' title='bbox 1297 2829 1450 2907; x_wconf 90' lang='lat' dir='ltr'><strong>custodit,</strong></span> <span class='ocrx_word' id='word_1_221' title='bbox 1472 2831 1510 2895; x_wconf 93' lang='lat' dir='ltr'><strong>ut</strong></span> 
     </span>
    </p>

    <p class='ocr_par' dir='ltr' id='par_1_7' title="bbox 326 2929 1509 3014">
     <span class='ocr_line' id='line_1_26' title="bbox 326 2929 1509 3014; baseline 0.003 -20"><span class='ocrx_word' id='word_1_222' title='bbox 326 2953 352 2995; x_wconf 78' lang='lat' dir='ltr'><strong>re</strong></span> <span class='ocrx_word' id='word_1_223' title='bbox 363 2949 443 3014; x_wconf 85' lang='lat' dir='ltr'><strong>quoe</strong></span> <span class='ocrx_word' id='word_1_224' title='bbox 462 2949 496 2997; x_wconf 90' lang='lat' dir='ltr'><strong>so</strong></span> <span class='ocrx_word' id='word_1_225' title='bbox 517 2929 642 2997; x_wconf 79' lang='lat' dir='ltr'><strong>chneto</strong></span> <span class='ocrx_word' id='word_1_226' title='bbox 656 2930 831 2998; x_wconf 85' lang='lat' dir='ltr'><strong>dicauerint</strong></span> <span class='ocrx_word' id='word_1_227' title='bbox 850 2932 883 2998; x_wconf 92' lang='lat' dir='ltr'><strong>et</strong></span> <span class='ocrx_word' id='word_1_228' title='bbox 903 2931 1056 2998; x_wconf 79' lang='lat' dir='ltr'><strong>socruali</strong></span> <span class='ocrx_word' id='word_1_229' title='bbox 1070 2931 1318 3014; x_wconf 83' lang='lat' dir='ltr'><strong>concupiscentia</strong></span> <span class='ocrx_word' id='word_1_230' title='bbox 1331 2931 1509 2998; x_wconf 84' lang='lat' dir='ltr'><strong>recedentes</strong></span> 
     </span>
    </p>
   </div>
   <div class='ocr_carea' id='block_1_3' title="bbox 355 3183 1571 4367">
    <p class='ocr_par' dir='ltr' id='par_1_8' title="bbox 355 3183 1571 4367">
     <span class='ocr_line' id='line_1_27' title="bbox 412 3183 1508 3251; baseline -0.002 -10"><span class='ocrx_word' id='word_1_231' title='bbox 412 3187 427 3240; x_wconf 91' lang='lat'>1</span> <span class='ocrx_word' id='word_1_232' title='bbox 446 3184 560 3241; x_wconf 86' lang='lat' dir='ltr'><strong>uiuendi</strong></span> <span class='ocrx_word' id='word_1_233' title='bbox 571 3185 698 3240; x_wconf 86' lang='lat' dir='ltr'><strong>timorem</strong></span> <span class='ocrx_word' id='word_1_234' title='bbox 712 3183 793 3251; x_wconf 67' lang='grc' dir='ltr'><strong>ΨΒ,</strong></span> <span class='ocrx_word' id='word_1_235' title='bbox 809 3183 946 3240; x_wconf 86' lang='lat' dir='ltr'><strong>uiuenditi</strong></span> <span class='ocrx_word' id='word_1_236' title='bbox 963 3183 1111 3249; x_wconf 73' lang='lat' dir='ltr'><strong>moremd,</strong></span> <span class='ocrx_word' id='word_1_237' title='bbox 1129 3184 1242 3239; x_wconf 90' lang='lat' dir='ltr'><strong>uiuendi</strong></span> <span class='ocrx_word' id='word_1_238' title='bbox 1253 3199 1340 3240; x_wconf 88' lang='lat' dir='ltr'><strong>mores</strong></span> <span class='ocrx_word' id='word_1_239' title='bbox 1360 3185 1396 3250; x_wconf 84' lang='lat' dir='ltr'><strong>V,</strong></span> <span class='ocrx_word' id='word_1_240' title='bbox 1414 3201 1440 3238; x_wconf 91' lang='grc' dir='ltr'><strong>ιι</strong></span> <span class='ocrx_word' id='word_1_241' title='bbox 1452 3200 1508 3240; x_wconf 89' lang='lat' dir='ltr'><strong>mo·</strong></span> 
     </span>
     <span class='ocr_line' id='line_1_28' title="bbox 360 3268 1458 3357; baseline 0.003 -34"><span class='ocrx_word' id='word_1_242' title='bbox 360 3285 463 3357; x_wconf 80' lang='lat' dir='ltr'><strong>runo</strong></span> <span class='ocrx_word' id='word_1_243' title='bbox 477 3286 503 3324; x_wconf 92' lang='lat' dir='ltr'><strong>u.</strong></span> <span class='ocrx_word' id='word_1_244' title='bbox 516 3269 784 3327; x_wconf 74' lang='lat' dir='ltr'><strong>tenoremenlcod</strong></span> <span class='ocrx_word' id='word_1_245' title='bbox 798 3285 852 3326; x_wconf 83' lang='lat' dir='ltr'><strong>ree.</strong></span> <span class='ocrx_word' id='word_1_246' title='bbox 866 3269 1007 3325; x_wconf 75' lang='lat' dir='ltr'><strong>Bolanus</strong></span> <span class='ocrx_word' id='word_1_247' title='bbox 1058 3268 1242 3340; x_wconf 73' lang='lat' dir='ltr'><strong>Detoclntie]</strong></span> <span class='ocrx_word' id='word_1_248' title='bbox 1255 3268 1404 3326; x_wconf 87' lang='lat' dir='ltr'><strong>resolutum</strong></span> <span class='ocrx_word' id='word_1_249' title='bbox 1420 3269 1458 3326; x_wconf 81' lang='lat' dir='ltr'><em>W</em></span> 
     </span>
     <span class='ocr_line' id='line_1_29' title="bbox 358 3317 1457 3426; baseline 0 -16"><span class='ocrx_word' id='word_1_250' title='bbox 358 3355 376 3410; x_wconf 83' lang='lat'><strong>6</strong></span> <span class='ocrx_word' id='word_1_251' title='bbox 393 3317 494 3410; x_wconf 65' lang='lat' dir='ltr'><strong>domui</strong></span> <span class='ocrx_word' id='word_1_252' title='bbox 547 3354 563 3407; x_wconf 93' lang='lat' dir='ltr'><strong>&#39;l</strong></span> <span class='ocrx_word' id='word_1_253' title='bbox 586 3354 673 3424; x_wconf 78' lang='lat' dir='ltr'><strong>adque</strong></span> <span class='ocrx_word' id='word_1_254' title='bbox 691 3353 760 3410; x_wconf 72' lang='lat'><strong>8¹1)</strong></span> <span class='ocrx_word' id='word_1_255' title='bbox 777 3355 815 3426; x_wconf 84' lang='lat' dir='ltr'><strong>(et</strong></span> <span class='ocrx_word' id='word_1_256' title='bbox 831 3355 874 3409; x_wconf 81' lang='lat' dir='ltr'><strong>itu</strong></span> <span class='ocrx_word' id='word_1_257' title='bbox 885 3355 948 3422; x_wconf 75' lang='lat' dir='ltr'><strong>sero</strong></span> <span class='ocrx_word' id='word_1_258' title='bbox 962 3369 1069 3424; x_wconf 79' lang='lat' dir='ltr'><strong>occuper</strong></span> <span class='ocrx_word' id='word_1_259' title='bbox 1080 3353 1188 3410; x_wconf 69' lang='lat' dir='ltr'><strong>Duces</strong></span> <span class='ocrx_word' id='word_1_260' title='bbox 1206 3353 1269 3426; x_wconf 56' lang='grc' dir='ltr'><strong>ΒΗ)</strong></span> <span class='ocrx_word' id='word_1_261' title='bbox 1286 3357 1369 3424; x_wconf 76' lang='lat' dir='ltr'><strong>etque</strong></span> <span class='ocrx_word' id='word_1_262' title='bbox 1384 3353 1457 3411; x_wconf 73' lang='lat' dir='ltr'><strong>WS‘</strong></span> 
     </span>
     <span class='ocr_line' id='line_1_30' title="bbox 357 3438 1507 3510; baseline 0.001 -17"><span class='ocrx_word' id='word_1_263' title='bbox 357 3439 446 3494; x_wconf 86' lang='lat' dir='ltr'><strong>omnis</strong></span> <span class='ocrx_word' id='word_1_264' title='bbox 466 3441 542 3495; x_wconf 76' lang='lat' dir='ltr'><strong>setes</strong></span> <span class='ocrx_word' id='word_1_265' title='bbox 563 3439 605 3495; x_wconf 77' lang='lat' dir='ltr'><strong>bis</strong></span> <span class='ocrx_word' id='word_1_266' title='bbox 625 3439 771 3496; x_wconf 71' lang='lat' dir='ltr'><strong>estutctS</strong></span> <span class='ocrx_word' id='word_1_267' title='bbox 822 3438 857 3495; x_wconf 92' lang='grc'><strong>10</strong></span> <span class='ocrx_word' id='word_1_268' title='bbox 873 3441 1010 3510; x_wconf 80' lang='lat' dir='ltr'><strong>teneatur]</strong></span> <span class='ocrx_word' id='word_1_269' title='bbox 1031 3439 1099 3496; x_wconf 80' lang='lat' dir='ltr'><strong>add.</strong></span> <span class='ocrx_word' id='word_1_270' title='bbox 1113 3441 1272 3496; x_wconf 73' lang='lat' dir='ltr'><strong>Poetelius.</strong></span> <span class='ocrx_word' id='word_1_271' title='bbox 1290 3440 1357 3510; x_wconf 86' lang='lat' dir='ltr'><strong>quie</strong></span> <span class='ocrx_word' id='word_1_272' title='bbox 1374 3440 1507 3510; x_wconf 86' lang='lat' dir='ltr'><strong>scripturn</strong></span> 
     </span>
     <span class='ocr_line' id='line_1_31' title="bbox 358 3525 1571 3596; baseline 0.002 -17"><span class='ocrx_word' id='word_1_273' title='bbox 358 3527 420 3582; x_wconf 85' lang='lat' dir='ltr'><strong>est·</strong></span> <span class='ocrx_word' id='word_1_274' title='bbox 438 3525 959 3596; x_wconf 81' lang='lat' dir='ltr'><strong>quiporseuorsucritusqueiudnem,</strong></span> <span class='ocrx_word' id='word_1_275' title='bbox 977 3525 1196 3582; x_wconf 72' lang='lat' dir='ltr'><strong>hiosmnuserlt</strong></span> <span class='ocrx_word' id='word_1_276' title='bbox 1260 3527 1294 3581; x_wconf 93' lang='grc'><strong>11</strong></span> <span class='ocrx_word' id='word_1_277' title='bbox 1313 3526 1410 3582; x_wconf 74' lang='lat' dir='ltr'><strong>adom</strong></span> <span class='ocrx_word' id='word_1_278' title='bbox 1425 3526 1455 3581; x_wconf 91' lang='lat' dir='ltr'><em>D</em></span> <span class='ocrx_word' id='word_1_279' title='bbox 1568 3549 1571 3556; x_wconf 53' lang='lat'><strong>⁴</strong></span> 
     </span>
     <span class='ocr_line' id='line_1_32' title="bbox 358 3609 1458 3682; baseline 0.002 -17"><span class='ocrx_word' id='word_1_280' title='bbox 358 3609 1320 3682; x_wconf 60' lang='lat' dir='ltr'><strong>ldoetffioetcurc)osadapaettnasdedoctrtmctsiot.li&#39;,21,4⁷</strong></span> <span class='ocrx_word' id='word_1_281' title='bbox 1371 3611 1458 3668; x_wconf 81' lang='lat' dir='ltr'><strong>illsS</strong></span> 
     </span>
     <span class='ocr_line' id='line_1_33' title="bbox 356 3694 1505 3768; baseline 0.002 -18"><span class='ocrx_word' id='word_1_282' title='bbox 356 3695 486 3750; x_wconf 78' lang='lat' dir='ltr'><strong>hasmet</strong></span> <span class='ocrx_word' id='word_1_283' title='bbox 503 3694 699 3766; x_wconf 72' lang='lat' dir='ltr'><strong>eetigflores</strong></span> <span class='ocrx_word' id='word_1_284' title='bbox 716 3695 804 3752; x_wconf 67' lang='lat' dir='ltr'><strong>Oxou</strong></span> <span class='ocrx_word' id='word_1_285' title='bbox 859 3696 893 3751; x_wconf 78' lang='lat'><strong>14</strong></span> <span class='ocrx_word' id='word_1_286' title='bbox 904 3695 992 3766; x_wconf 79' lang='lat' dir='ltr'><strong>sdque</strong></span> <span class='ocrx_word' id='word_1_287' title='bbox 1006 3696 1096 3752; x_wconf 72' lang='lat' dir='ltr'><strong>oens</strong></span> <span class='ocrx_word' id='word_1_288' title='bbox 1146 3697 1180 3751; x_wconf 76' lang='lat'><strong>15</strong></span> <span class='ocrx_word' id='word_1_289' title='bbox 1197 3696 1353 3768; x_wconf 78' lang='lat' dir='ltr'><strong>edlperW</strong></span> <span class='ocrx_word' id='word_1_290' title='bbox 1402 3697 1505 3753; x_wconf 81' lang='lat' dir='ltr'><strong>sancti·</strong></span> 
     </span>
     <span class='ocr_line' id='line_1_34' title="bbox 356 3777 1507 3852; baseline 0.003 -18"><span class='ocrx_word' id='word_1_291' title='bbox 356 3780 448 3835; x_wconf 84' lang='lat' dir='ltr'><strong>mouia</strong></span> <span class='ocrx_word' id='word_1_292' title='bbox 459 3777 528 3838; x_wconf 84' lang='lat' dir='ltr'><strong>WD</strong></span> <span class='ocrx_word' id='word_1_293' title='bbox 598 3781 632 3836; x_wconf 85' lang='grc'>16</span> <span class='ocrx_word' id='word_1_294' title='bbox 651 3780 725 3852; x_wconf 81' lang='lat' dir='ltr'><strong>illas]</strong></span> <span class='ocrx_word' id='word_1_295' title='bbox 738 3779 812 3852; x_wconf 80' lang='lat' dir='ltr'><strong>ipsos</strong></span> <span class='ocrx_word' id='word_1_296' title='bbox 824 3781 944 3852; x_wconf 74' lang='lat' dir='ltr'><strong>sepone</strong></span> <span class='ocrx_word' id='word_1_297' title='bbox 958 3781 976 3837; x_wconf 75' lang='lat' dir='ltr'><strong>t</strong></span> <span class='ocrx_word' id='word_1_298' title='bbox 989 3796 1010 3837; x_wconf 78' lang='lat' dir='ltr'><strong>n</strong></span> <span class='ocrx_word' id='word_1_299' title='bbox 1091 3781 1205 3838; x_wconf 80' lang='lat' dir='ltr'><strong>edesius</strong></span> <span class='ocrx_word' id='word_1_300' title='bbox 1215 3781 1507 3852; x_wconf 72' lang='lat' dir='ltr'><strong>SW3ss‘csucpisetmo</strong></span> 
     </span>
     <span class='ocr_line' id='line_1_35' title="bbox 355 3866 1507 3940; baseline 0.004 -20"><span class='ocrx_word' id='word_1_301' title='bbox 355 3872 473 3936; x_wconf 66' lang='lat' dir='ltr'><strong>mermes</strong></span> <span class='ocrx_word' id='word_1_302' title='bbox 483 3871 544 3921; x_wconf 68' lang='grc' dir='ltr'><em>Μ</em></span> <span class='ocrx_word' id='word_1_303' title='bbox 626 3866 659 3920; x_wconf 83' lang='grc'>17</span> <span class='ocrx_word' id='word_1_304' title='bbox 671 3866 880 3938; x_wconf 73' lang='lat' dir='ltr'><strong>quantoplusd</strong></span> <span class='ocrx_word' id='word_1_305' title='bbox 961 3867 1247 3939; x_wconf 77' lang='lat' dir='ltr'><strong>copioesccgloriosc</strong></span> <span class='ocrx_word' id='word_1_306' title='bbox 1259 3869 1369 3934; x_wconf 63' lang='lat' dir='ltr'><strong>Snus,</strong></span> <span class='ocrx_word' id='word_1_307' title='bbox 1387 3868 1507 3940; x_wconf 79' lang='lat' dir='ltr'><strong>gloriose</strong></span> 
     </span>
     <span class='ocr_line' id='line_1_36' title="bbox 355 3951 1455 4025; baseline 0.005 -20"><span class='ocrx_word' id='word_1_308' title='bbox 355 3955 477 4023; x_wconf 72' lang='lat' dir='ltr'><strong>August.</strong></span> <span class='ocrx_word' id='word_1_309' title='bbox 525 3952 560 4007; x_wconf 83' lang='lat'><strong>18</strong></span> <span class='ocrx_word' id='word_1_310' title='bbox 570 3953 648 4006; x_wconf 82' lang='lat' dir='ltr'><strong>teuto</strong></span> <span class='ocrx_word' id='word_1_311' title='bbox 658 3952 719 4022; x_wconf 88' lang='lat' dir='ltr'><strong>plus</strong></span> <span class='ocrx_word' id='word_1_312' title='bbox 728 3951 1195 4024; x_wconf 70' lang='lat' dir='ltr'><strong>gendimnceoolgatusoparuet</strong></span> <span class='ocrx_word' id='word_1_313' title='bbox 1202 3954 1455 4025; x_wconf 77' lang='lat' dir='ltr'><strong>recepitPomelias</strong></span> 
     </span>
     <span class='ocr_line' id='line_1_37' title="bbox 355 4035 1454 4110; baseline 0.004 -19"><span class='ocrx_word' id='word_1_314' title='bbox 355 4035 464 4092; x_wconf 75' lang='lat' dir='ltr'><strong>adiectu</strong></span> <span class='ocrx_word' id='word_1_315' title='bbox 477 4037 511 4103; x_wconf 81' lang='lat' dir='ltr'><strong>S,</strong></span> <span class='ocrx_word' id='word_1_316' title='bbox 530 4035 682 4092; x_wconf 75' lang='lat' dir='ltr'><strong>ediecdom</strong></span> <span class='ocrx_word' id='word_1_317' title='bbox 697 4036 782 4094; x_wconf 85' lang='lat' dir='ltr'><strong>WDo</strong></span> <span class='ocrx_word' id='word_1_318' title='bbox 833 4038 868 4093; x_wconf 82' lang='grc'>19</span> <span class='ocrx_word' id='word_1_319' title='bbox 885 4053 934 4093; x_wconf 91' lang='lat' dir='ltr'><strong>nee</strong></span> <span class='ocrx_word' id='word_1_320' title='bbox 945 4052 999 4107; x_wconf 91' lang='lat' dir='ltr'><strong>quo</strong></span> <span class='ocrx_word' id='word_1_321' title='bbox 1011 4037 1081 4105; x_wconf 75' lang='lat' dir='ltr'><strong>SW,</strong></span> <span class='ocrx_word' id='word_1_322' title='bbox 1093 4053 1143 4094; x_wconf 89' lang='lat' dir='ltr'><strong>nec</strong></span> <span class='ocrx_word' id='word_1_323' title='bbox 1155 4038 1225 4109; x_wconf 89' lang='lat' dir='ltr'><strong>quod</strong></span> <span class='ocrx_word' id='word_1_324' title='bbox 1234 4039 1277 4105; x_wconf 90' lang='lat' dir='ltr'><strong>D,</strong></span> <span class='ocrx_word' id='word_1_325' title='bbox 1289 4055 1342 4094; x_wconf 89' lang='lat' dir='ltr'><strong>non</strong></span> <span class='ocrx_word' id='word_1_326' title='bbox 1355 4039 1454 4110; x_wconf 82' lang='lat' dir='ltr'><strong>quode</strong></span> 
     </span>
     <span class='ocr_line' id='line_1_38' title="bbox 355 4122 1452 4194; baseline 0.005 -18"><span class='ocrx_word' id='word_1_327' title='bbox 355 4122 390 4176; x_wconf 85' lang='grc'>10</span> <span class='ocrx_word' id='word_1_328' title='bbox 407 4122 550 4180; x_wconf 78' lang='lat' dir='ltr'><strong>conscisS</strong></span> <span class='ocrx_word' id='word_1_329' title='bbox 624 4123 659 4178; x_wconf 82' lang='lat'><strong>21</strong></span> <span class='ocrx_word' id='word_1_330' title='bbox 677 4123 773 4193; x_wconf 90' lang='lat' dir='ltr'><strong>qnoD</strong></span> <span class='ocrx_word' id='word_1_331' title='bbox 841 4123 931 4194; x_wconf 83' lang='lat' dir='ltr'><strong>magle</strong></span> <span class='ocrx_word' id='word_1_332' title='bbox 942 4125 1063 4194; x_wconf 85' lang='lat' dir='ltr'><strong>pertinet</strong></span> <span class='ocrx_word' id='word_1_333' title='bbox 1078 4125 1105 4180; x_wconf 83' lang='lat' dir='ltr'><em>V</em></span> <span class='ocrx_word' id='word_1_334' title='bbox 1180 4125 1452 4182; x_wconf 68' lang='lat' dir='ltr'><strong>armunensem</strong></span> 
     </span>
     <span class='ocr_line' id='line_1_39' title="bbox 355 4207 1505 4279; baseline 0.004 -16"><span class='ocrx_word' id='word_1_335' title='bbox 355 4207 390 4263; x_wconf 72' lang='lat'><strong>23</strong></span> <span class='ocrx_word' id='word_1_336' title='bbox 407 4223 494 4278; x_wconf 82' lang='lat' dir='ltr'><strong>neque</strong></span> <span class='ocrx_word' id='word_1_337' title='bbox 511 4208 611 4266; x_wconf 81' lang='lat' dir='ltr'><strong>enimc</strong></span> <span class='ocrx_word' id='word_1_338' title='bbox 675 4223 745 4279; x_wconf 83' lang='lat' dir='ltr'><strong>quoe</strong></span> <span class='ocrx_word' id='word_1_339' title='bbox 756 4209 1093 4279; x_wconf 70' lang='lat' dir='ltr'><strong>sdudseaequiadeatis</strong></span> <span class='ocrx_word' id='word_1_340' title='bbox 1107 4211 1217 4268; x_wconf 59' lang='lat' dir='ltr'><strong>wine</strong></span> <span class='ocrx_word' id='word_1_341' title='bbox 1276 4212 1311 4268; x_wconf 82' lang='grc'>14</span> <span class='ocrx_word' id='word_1_342' title='bbox 1329 4212 1505 4268; x_wconf 79' lang='lat' dir='ltr'><strong>ctdominics</strong></span> 
     </span>
     <span class='ocr_line' id='line_1_40' title="bbox 359 4293 1253 4367; baseline 0.004 -17"><span class='ocrx_word' id='word_1_343' title='bbox 359 4293 396 4350; x_wconf 87' lang='lat' dir='ltr'><em>W</em></span> <span class='ocrx_word' id='word_1_344' title='bbox 450 4297 535 4365; x_wconf 83' lang='lat' dir='ltr'><strong>utque</strong></span> <span class='ocrx_word' id='word_1_345' title='bbox 547 4295 579 4350; x_wconf 89' lang='lat' dir='ltr'><strong>D</strong></span> <span class='ocrx_word' id='word_1_346' title='bbox 630 4294 666 4350; x_wconf 78' lang='grc'>15</span> <span class='ocrx_word' id='word_1_347' title='bbox 687 4293 809 4351; x_wconf 88' lang='lat' dir='ltr'><strong>rooedeut</strong></span> <span class='ocrx_word' id='word_1_348' title='bbox 820 4294 903 4351; x_wconf 80' lang='lat' dir='ltr'><strong>istscm</strong></span> <span class='ocrx_word' id='word_1_349' title='bbox 915 4311 1023 4351; x_wconf 77' lang='lat' dir='ltr'><strong>curnem</strong></span> <span class='ocrx_word' id='word_1_350' title='bbox 1036 4312 1117 4367; x_wconf 81' lang='lat' dir='ltr'><strong>quem</strong></span> <span class='ocrx_word' id='word_1_351' title='bbox 1130 4297 1215 4354; x_wconf 88' lang='lat' dir='ltr'><strong>ruenti</strong></span> <span class='ocrx_word' id='word_1_352' title='bbox 1228 4296 1253 4353; x_wconf 80' lang='lat' dir='ltr'><em>S</em></span> 
     </span>
    </p>
   </div>
   <div class='ocr_carea' id='block_1_4' title="bbox 0 0 1972 5032">
    <p class='ocr_par' dir='ltr' id='par_1_9' title="bbox 0 0 1972 5032">
     <span class='ocr_line' id='line_1_41' title="bbox 0 0 1972 5032; baseline 0 6"><span class='ocrx_word' id='word_1_353' title='bbox 0 0 1972 5032; x_wconf 95' lang='lat' dir='ltr'><strong> </strong></span> 
     </span>
    </p>
   </div>
  </div>
 </body>
</html>
