3994 5044
420 351 484 418 362
823 351 968 410 caecilii
986 352 1149 422 Cyprieui

419 506 546 587 questu
561 505 687 571 ederes:
702 503 826 572 uidebis
841 505 899 572 sub
914 525 1008 574 mauu
1022 509 1129 574 uestra
1139 509 1224 574 stare
1237 507 1358 574 uinctus
1373 508 1407 573 et
1420 508 1552 573 temere

420 605 560 689 captiuos
581 624 658 690 quoe
677 609 714 673 tu
728 607 862 690 suspicis
876 609 910 675 et
923 611 1079 676 uouemus
1093 610 1132 676 ut
1144 610 1295 676 dominos
1320 610 1403 675 certe
1429 607 1481 674 uel
1506 607 1552 673 sic

419 709 566 775 confundi
590 709 625 775 in
650 710 722 776 istis
747 711 903 778 erroribus
926 711 991 777 tuis
1004 712 1137 794 peteris,
1161 713 1282 796 quande
1297 709 1506 794 conspecrerie
1520 709 1552 774 et

419 811 555 876 audieris
576 810 650 877 dees
664 813 736 878 tues
750 813 826 895 quid
841 813 907 880 sint
920 814 1162 900 interrogatione
1176 815 1283 881 uestra
1297 813 1410 880 stetim
1423 811 1551 896 predere

420 915 453 980 et
473 914 690 999 praesentibus
711 914 787 982 licet
808 916 898 983 uobis
913 917 1099 1003 praestigias
1113 917 1187 984 illas
1201 922 1235 985 et
1249 917 1391 986 fallacias
1404 933 1477 983 suas
1490 933 1552 982 non
1573 941 1586 980 s

419 1035 509 1102 pesse
523 1019 633 1084 celere.

372 1117 410 1183 11
462 1118 549 1200 Quae
562 1138 637 1206 erge
651 1120 766 1188 mentis
781 1121 910 1206 ignauia
923 1123 987 1202 est,
1009 1123 1107 1190 imme
1129 1141 1208 1206 quae
1227 1121 1448 1206 desipientium
1462 1135 1552 1186 ceeca

418 1223 451 1288 et
475 1223 575 1288 stulta
600 1223 759 1289 dementia
785 1224 825 1289 ad
849 1226 952 1290 lucem
977 1227 1015 1291 de
1040 1226 1176 1292 tenebris
1198 1242 1259 1290 nen
1273 1223 1379 1290 uenire
1392 1224 1426 1288 et
1442 1220 1552 1286 mertis

418 1323 560 1390 aetemae
581 1324 701 1408 laqueis
722 1326 846 1392 uinctus
866 1345 954 1410 spem
968 1327 1051 1394 nelle
1064 1327 1300 1394 inmortalitatis
1316 1325 1468 1408 excipere,
1491 1341 1553 1389 nen

418 1428 557 1492 metuere
580 1428 682 1493 Deum
706 1429 936 1494 conmincntem
959 1430 992 1494 et
1014 1429 1185 1496 dicentem:
1209 1428 1451 1496 sacrificans
1473 1425 1587 1491 diisre

418 1526 692 1594 eradicabitur
712 1529 791 1595 nisi
805 1531 969 1596 Domine
991 1531 1078 1596 soli.
1094 1531 1272 1597 etiterum:
1288 1528 1552 1595 adorauerunt

418 1645 481 1694 ees
511 1647 603 1713 ques
635 1629 816 1699 fecerunt
847 1631 970 1716 digiti
1004 1649 1155 1716 eorum,
1192 1633 1232 1699 et
1263 1632 1456 1698 curuatus
1489 1629 1552 1696 est

418 1732 532 1798 home
553 1736 594 1799 et
614 1733 857 1802 humiliatus
887 1737 948 1801 est
977 1734 1058 1814 uir,
1094 1737 1133 1802 et
1166 1754 1237 1803 nen
1269 1734 1408 1800 laxabo
1440 1731 1552 1796 illisi

418 1833 494 1916 quid
509 1836 542 1901 te
556 1835 597 1900 ad
612 1833 708 1902 ialscs
722 1836 796 1903 deos
810 1837 961 1903 humilies
975 1841 1008 1903 et
1029 1837 1177 1918 inclinas,
1199 1837 1276 1921 quid
1296 1840 1368 1904 aute
1387 1835 1494 1920 inepte
1507 1833 1551 1900 si-

418 1937 560 2002 uulnere
583 1939 616 2004 et
640 1939 792 2022 figmenta
806 1939 929 2005 terrena
943 1940 1103 2022 captiuum
1118 1957 1228 2022 cerpus
1242 1941 1409 2006 incuruae?
1430 1939 1586 2006 rectumne

419 2040 451 2103 te
461 2038 547 2104 Deus
558 2039 633 2106 iecit
647 2039 767 2106 etcum
782 2043 886 2108 cetera
899 2041 1049 2108 animalia
1062 2060 1159 2124 prena
1174 2043 1206 2108 ct
1219 2043 1259 2108 ad
1273 2043 1390 2106 terrem
1404 2039 1551 2105 0110000-

418 2145 512 2226 gente
533 2143 678 2226 depressa
699 2145 780 2222 sint,
803 2143 863 2209 tibi
878 2144 1024 2210 sublimis
1038 2146 1142 2210 status
1157 2147 1190 2210 et
1204 2144 1245 2211 ud
1261 2144 1382 2209 caelum
1397 2145 1496 2225 adque
1511 2143 1551 2207 ad

419 2243 590 2310 Dominum
612 2262 722 2310 susum
744 2245 853 2311 uultus
876 2247 995 2313 erectus
1018 2249 1074 2311 eet.
1099 2247 1177 2312 illuc
1199 2247 1333 2322 intuere,
1355 2244 1433 2310 illuc
1447 2244 1551 2308 ocules

419 2346 491 2411 tuos
505 2345 622 2429 dirige,
645 2347 678 2412 in
693 2347 835 2430 supernis
849 2347 952 2414 Deum
967 2366 1087 2430 quaere.
1121 2351 1159 2414 ut
1185 2365 1286 2414 carere
1310 2347 1418 2413 inferis
1441 2345 1551 2429 pessis,

420 2447 459 2514 cd
475 2448 541 2516 elta
555 2450 588 2514 et
602 2449 748 2516 caelestia
762 2469 946 2533 suspensum
960 2452 1067 2535 peetus
1082 2451 1207 2516 adtolle.
1230 2451 1306 2534 quid
1327 2453 1359 2516 te
1381 2451 1413 2514 iu
1428 2449 1551 2533 lapsum
1561 2474 1588 2516 en

420 2551 533 2617 mortis
547 2568 619 2616 cum
634 2554 776 2634 serpente
790 2571 884 2635 quem
903 2553 981 2618 colis
1002 2555 1136 2620 sternis?
1158 2554 1235 2637 quid
1249 2554 1282 2618 in
1297 2553 1419 2619 ruinam
1434 2550 1551 2618 diaboli

419 2671 475 2735 per
495 2652 600 2737 ipsum
623 2655 655 2718 et
676 2671 747 2720 curn
763 2655 830 2737 ipse
846 2655 955 2722 cadis?
976 2656 1206 2722 sublimitatem
1222 2673 1312 2721 serua
1326 2674 1388 2738 que
1401 2655 1494 2719 natus
1508 2672 1549 2718 es.

419 2773 584 2838 persedere
597 2755 672 2820 telis
686 2755 790 2838 qualis
805 2776 824 2822 a
837 2757 903 2822 Deo
918 2757 1020 2824 iactus
1035 2776 1077 2822 es.
1106 2777 1177 2824 cum
1192 2757 1355 2823 statueris
1370 2758 1402 2822 et
1417 2755 1552 2836 corperis

419 2857 561 2924 animum
585 2859 677 2924 tuum
704 2859 818 2925 stetue.
841 2861 879 2924 ut
904 2877 1085 2945 cognoscere
1111 2861 1213 2927 Deum
1227 2859 1343 2943 possis,
1365 2861 1398 2924 te
1412 2860 1486 2924 ante
1499 2875 1551 2922 00-

419 2976 540 3043 gnesee.
565 2960 704 3043 relinque
729 2959 814 3026 idela
839 2979 917 3043 quae
942 2961 1098 3028 humanus
1120 2980 1203 3028 00000
1225 2962 1355 3028 inuenit
1384 2959 1424 3026 ad
1450 2960 1585 3026 Deuma

419 3063 613 3126 conuertere:
637 3062 773 3144 quamsi
788 3061 1007 3144 inploreueris‚
1030 3062 1184 3130 subuenit.
1215 3062 1339 3129 curete
1355 3063 1443 3127 crede
1457 3079 1551 3144 quem

420 3161 618 3228 nidificandis
632 3181 669 3228 ac
683 3163 863 3245 reparandis
876 3163 966 3229 nobis
981 3167 1068 3247 pater
1092 3165 1191 3230 misit.
1214 3165 1335 3230 laedere
1360 3181 1466 3230 seruos
1490 3162 1550 3227 Dei

420 3264 453 3331 ct
466 3261 583 3330 Christi
598 3265 865 3348 persecutionibus
890 3267 955 3332 tuis
981 3266 1085 3333 desine
1111 3285 1188 3350 quos
1214 3267 1313 3334 laesus
1338 3266 1418 3332 ultio
1445 3265 1550 3332 dicim

419 3366 568 3433 defendit

370 3467 408 3532 11
461 3469 539 3535 Inde
553 3471 601 3534 est
615 3470 699 3536 enirn
714 3471 796 3553 quod
811 3489 901 3537 nemo
916 3473 1057 3539 00010000
1068 3475 1189 3557 quando
1200 3472 1441 3557 adprehenditur
1450 3470 1551 3537 reluc-
1560 3491 1587 3532 so

419 3572 586 3639 10100000
611 3592 645 3640 se
671 3575 820 3640 aduersus
848 3577 1001 3642 iniustam
1026 3576 1210 3644 uiolentiam
1239 3578 1377 3643 uestram
1406 3575 1551 3657 quamuis

527 3741 736 3807 remense.
791 3743 1006 3816 rimeesq.

472 3876 732 3946 dinterregeticnee
745 3879 773 3934 11
841 3880 1123 3937 5110010011οο111
1204 3880 1367 3951 prestrigias
1380 3881 1419 3938 W
1487 3879 1551 3936 illas

418 3960 507 4016 craS
573 3963 758 4018 6001000008
826 3964 947 4020 ementi
960 3966 1001 4022 12¹
1070 3967 1283 4037 Sncnlnellee
1351 3968 1386 4021 10
1402 3948 1501 4021 (1οῗοὋ

419 4047 454 4102 12
470 4046 658 4104 incumatusc
728 4049 762 4104 ld
779 4049 919 4120 captiueu
988 4053 1136 4122 eorporeR
1205 4055 1239 4109 18
1256 4053 1333 4110 deum
1346 4053 1392 4110 110
1457 4067 1550 4108 susum

417 4134 532 4204 essse,
550 4135 758 4201 eumenen
777 4137 919 4194 suman
971 4139 1006 4192 ie
1022 4139 1097 4208 erige
1112 4140 1194 4196 wne
1252 4123 1352 4196 siffis
1411 4139 1447 4194 ec
1463 4138 1550 4208 rpem

418 4219 447 4277 11
497 4221 669 4291 termis
719 4223 905 4292 cegnoscasR
965 4225 1224 4294 iipeterflliumc
1286 4225 1500 4282 docuimmec

420 4309 449 4360 et
460 4323 538 4361 neme
552 4307 589 4362 W
639 4309 671 4362 31
691 4308 821 4364 iniustum
834 4326 885 4364 esu.
900 4311 927 4364 V
