4002 5050
398 389 462 448 ,²3ss4
496 387 645 440 Caecilii
663 384 828 454 Cypriani
845 382 997 452 despero
1014 381 1331 450 eteleemoaynisc.
1349 379 1463 434 23-2s

396 541 472 604 dum
488 539 709 624 largitionibus
730 537 880 624 gratuitis
894 537 1070 603 communis
1091 553 1129 600 ao
1149 536 1253 600 iustus
1266 539 1331 612 est,
1354 535 1413 602 Dei
1428 535 1529 619 patris

397 643 538 706 imitator
552 647 610 706 est

344 741 386 802 2⁸
439 741 526 822 Quae
550 745 607 810 illa
634 745 709 820 erit,
733 743 845 810 fratre
868 743 1040 818 orrioeimiv
1062 743 1259 826 operantium
1283 744 1403 828 gloria,
1433 762 1529 825 quam

394 847 524 930 mendis
538 851 572 912 et
585 865 710 912 summa
724 847 864 924 lactina,
887 865 959 910 oum
981 847 1133 928 populum
1158 865 1252 911 suum
1278 847 1433 911 Dominus
1458 862 1528 911 oue·

394 950 476 1030 perit
491 969 648 1015 recensere
661 952 696 1014 et
708 950 831 1014 meritis
853 950 965 1030 adque·
978 949 1125 1030 operibns
1149 950 1266 1014 nostris
1291 949 1433 1031 praemia
1456 959 1561 1030 pro-⁵

395 1055 491 1118 missa
507 1053 705 1118 contribuens
720 1073 776 1136 pro
790 1053 921 1117 terrmis
936 1051 1099 1128 molesta,
1121 1071 1178 1134 pro
1200 1052 1426 1135 temporalibus
1446 1070 1529 1116 sem·

396 1155 533 1237 piterna,
556 1172 610 1236 pru
625 1155 756 1218 modicis
771 1174 887 1238 magna
900 1155 1078 1236 praestem,
1100 1153 1222 1218 obferre
1236 1174 1293 1220 nos
1306 1155 1391 1236 patri
1406 1155 1459 1219 cui
1471 1172 1528 1219 nos

393 1275 450 1321 sue
463 1255 705 1322 sanctificatione
719 1255 880 1332 restituit,
903 1256 1122 1320 aeternitatem
1136 1256 1227 1320 nobis
1247 1256 1526 1321 inmortalitatem·

393 1377 454 1441 que
467 1357 576 1441 largiri
592 1359 632 1424 ad
646 1377 741 1439 quam
755 1376 811 1422 uos
825 1359 987 1440 sauguinis
1001 1359 1051 1422 sui
1064 1357 1276 1422 uiuificatione
1290 1359 1461 1439 reparauit,
1476 1377 1527 1422 re-

393 1461 487 1526 duoes
500 1461 540 1525 ad
554 1461 734 1542 paradisum
753 1460 853 1526 denuo
868 1458 984 1536 lacere,
1007 1479 1103 1545 regna
1128 1460 1285 1526 caelorum
1314 1461 1375 1524 lide
1396 1463 1430 1524 et
1443 1460 1562 1526 ueri-10

393 1566 459 1628 tate
474 1582 549 1628 suso
563 1563 801 1645 pollicitationis
816 1562 944 1644 aperire.
967 1563 1044 1626 baec
1066 1562 1215 1626 haereant
1229 1561 1363 1628 firmiter
1384 1564 1527 1628 sensibus

395 1665 527 1742 uostris,
550 1666 625 1730 baec
651 1665 875 1749 intelleguntur
899 1663 992 1746 plena
1013 1663 1090 1739 lide,
1112 1663 1187 1727 baec
1202 1663 1293 1728 corde
1307 1665 1375 1728 toto
1389 1664 1528 1746 diligen·

394 1769 466 1844 tur,
500 1769 575 1834 baec
603 1769 847 1834 indesinentium
876 1785 1004 1849 opemm
1034 1765 1296 1849 magnanimitate
1320 1767 1527 1831 redimantur.

394 1871 553 1952 praeclara
578 1875 610 1934 et
635 1869 744 1934 diuina
770 1887 834 1944 res,
859 1867 970 1934 baum
995 1867 1168 1944 mosomi,
1204 1866 1353 1932 salutaris
1378 1868 1527 1949 operatio,

393 1971 543 2036 solacium
558 1972 675 2054 grande
690 1972 901 2040 credentium.
923 1970 1100 2034 securitetis
1120 1970 1246 2034 nostrae
1268 1968 1393 2034 salubre
1407 1969 1561 2051 pressi-1⁵

393 2073 500 2148 dium,
523 2074 755 2137 munimentum
769 2073 852 2154 spei,
875 2073 976 2136 tutela
990 2071 1079 2146 fidoi,
1100 2072 1238 2136 medella
1250 2071 1387 2154 pensu,
1407 2089 1457 2135 ros
1470 2087 1527 2154 po-

394 2176 458 2240 sita
472 2175 505 2239 in
520 2177 675 2257 potestate
690 2175 849 2248 facientis,
873 2193 920 2238 res
936 2180 969 2239 et
983 2175 1112 2256 grandis
1126 2176 1160 2239 et
1174 2173 1294 2250 facilis
1309 2175 1377 2238 sine
1390 2173 1527 2256 periculo

396 2277 620 2359 persecutionis
635 2294 745 2340 corona
760 2277 862 2358 pacis,
886 2295 994 2340 uerum
1017 2275 1074 2340 Dei
1089 2293 1203 2340 munus
1218 2278 1251 2339 et
1264 2276 1454 2351 marimum,
1477 2275 1527 2338 in·

396 2378 495 2443 firmis
510 2379 735 2456 necessarium,
758 2379 891 2443 fortibus
905 2379 1094 2462 gloriosum,
1117 2397 1179 2460 qno
1195 2377 1383 2443 christianus
1398 2377 1526 2442 adiutus

395 2479 512 2562 perfert
525 2481 661 2564 gretiam
675 2481 865 2561 spiritalem,
880 2483 1074 2561 promeretur
1088 2479 1248 2545 Christum
1261 2481 1408 2556 iudicem,
1423 2479 1524 2543 Deum
1535 2495 1561 2534 n

395 2584 558 2662 computat
572 2582 756 2646 debitorem.
779 2581 819 2647 sd
834 2582 1054 2662 bonooperum
1068 2581 1256 2646 salutarium
1270 2581 1410 2664 palmam
1423 2580 1526 2644 liben-

394 2687 443 2750 ter
457 2703 494 2749 ac
509 2685 652 2767 prompte
668 2685 838 2760 certemus,
853 2700 960 2750 omnes
974 2684 1008 2748 in
1022 2701 1121 2768 agone
1131 2683 1273 2750 iustitiae
1283 2685 1349 2750 Deo
1361 2685 1393 2748 et
1403 2681 1526 2748 Obristo

395 2788 555 2868 spectante
577 2805 737 2848 conamus
759 2786 867 2867 etqui
889 2786 1012 2852 medulo
1033 2789 1067 2850 et
1086 2788 1204 2854 mundo
1225 2789 1359 2852 maiores
1380 2805 1448 2851 esse
1461 2787 1526 2850 iam

396 2885 553 2967 coepimus
568 2905 694 2950 enisum
708 2890 851 2951 nostrum
865 2888 954 2952 nulla
967 2888 1084 2954 saeculi
1098 2892 1131 2953 et
1145 2889 1256 2954 mundi
1271 2888 1446 2971 cupiditate
1459 2889 1526 2952 tar·

396 2989 515 3052 demus.
540 2987 567 3050 si
582 2988 755 3068 expeditos,
780 2989 807 3054 si
822 2990 952 3067 celeres,
975 2990 1003 3053 si
1018 2991 1051 3054 in
1066 2990 1124 3054 boc
1139 2991 1241 3069 operis
1255 3009 1355 3074 agone
1370 2991 1526 3053 currentes
1535 3005 1561 3042 τε

397 3089 463 3152 dies
490 3107 545 3151 nos
570 3090 621 3153 uel
647 3091 830 3154 redditionis
856 3091 908 3155 uel
933 3092 1155 3172 persecutionis
1181 3091 1351 3168 inuenerit,
1374 3109 1527 3172 nusquam

395 3192 548 3258 Dominus
562 3194 683 3259 meritis
697 3196 812 3260 nostris
825 3195 865 3259 ad
876 3197 1050 3276 praemium
1064 3197 1173 3272 deerit,
1190 3195 1223 3260 in
1238 3214 1312 3276 pace
1326 3194 1523 3258 uincentibus

396 3311 538 3359 eoronam
553 3296 718 3360 candidam
733 3315 788 3378 pro
802 3298 946 3379 oporibus
961 3298 1058 3375 debit
1075 3300 1107 3363 in
1119 3299 1330 3381 wmeorrbono
1340 3315 1527 3380 purpuream

396 3397 608 3478 propassione
623 3399 807 3482 geminabit.

448 3583 530 3637 lnos
543 3585 799 3651 putrilt's.l.m.2
857 3587 1111 3654 spermate
1185 3585 1339 3640 suiomW
1390 3587 1421 3637 ll
1435 3587 1529 3638 meant

399 3668 426 3722 G
505 3670 539 3722 14
557 3686 599 3722 res
611 3675 654 3722 est
665 3673 778 3738 scripsit
789 3671 886 3726 Boutlo
971 3674 1070 3726 fratres
1081 3671 1255 3726 dilectissimi
1274 3673 1311 3726 W
1397 3669 1527 3739 operatio]

394 3755 482 3808 oratio
493 3755 525 3809 F
575 3758 608 3811 16
626 3761 828 3811 mouumentum
845 3757 884 3812 θ’
942 3775 984 3811 res
996 3775 1031 3811 ex
1042 3773 1071 3810 re
1087 3759 1113 3811 0
1123 3761 1187 3811 rre2
1248 3757 1280 3810 ll
1298 3757 1427 3810 iacientes
1441 3755 1480 3808 W

394 3840 431 3894 ab
447 3841 563 3909 perteret
579 3841 618 3906 G,
636 3841 749 3911 perferri
761 3841 802 3906 F,
820 3842 939 3911 preelert
950 3843 1021 3897 coni
1034 3843 1183 3896 Morells'uo
1234 3841 1333 3896 ebriati
1350 3841 1383 3891 W
1432 3839 1467 3894 23
1484 3855 1528 3893 er-

396 3929 521 3995 peotante
537 3925 574 3979 G·
642 3927 679 3980 25
695 3926 809 3982 celerius
820 3926 851 3981 F
911 3929 947 3982 26
963 3927 1106 3982 reditionis
1122 3928 1159 3992 V,
1175 3925 1339 3981 redditiones
1354 3926 1381 3979 G
1453 3926 1528 3980 inue-

396 4011 456 4064 nio
468 4010 498 4063 r
556 4014 740 4080 numqmmr
808 4013 842 4067 nr
860 3997 924 4068 en}
939 4014 978 4068 w
1050 4015 1086 4067 ns
1101 4013 1255 4082 geminante
1267 4013 1307 4076 u,
1325 4012 1477 4080 pernen
1491 4013 1529 4066 w

395 4113 416 4148 s.
427 4096 444 4149 l.
457 4100 522 4150 rre2
630 4111 743 4152 ueneror
765 4113 904 4152 orreum
926 4113 964 4152 err
986 4113 1079 4153 orm
1096 4113 1131 4152 sn
1148 4112 1327 4152 menosrrrs
1343 4113 1476 4152 nxrnrorr
1492 4097 1528 4160 F,

397 4197 434 4234 nn
451 4195 542 4234 ornus
559 4197 595 4236 nr
613 4199 782 4238 rrsnnosrrus
805 4199 937 4238 nxrnrurr
952 4184 1002 4238 W.
1032 4199 1165 4238 nrnrorr
1188 4199 1226 4237 ns
1242 4199 1333 4238 orme
1352 4200 1386 4238 er
1404 4199 1528 4238 innene-

399 4281 466 4320 ειη
481 4265 507 4320 G
519 4267 642 4334 (litterae
654 4281 689 4321 ετ
701 4285 720 4321 n
731 4272 849 4335 smne).

860 4379 883 4385 -.
902 4379 982 4386 ...υ-..-
991 4379 1064 4386 ...-

860 4391 1064 4398 u——w—
