4002 5050
609 409 811 464 Sententiae
828 408 1062 477 episcoporum
1080 423 1124 460 ur.
1142 407 1256 462 44-51.
1424 401 1491 470 453

640 671 832 750 Pomponius
847 689 867 732 a
880 669 1078 746 Dionysiana
1092 667 1189 730 dixit:

392 790 596 858 Manifestum
623 791 671 854 ost
695 788 870 854 haereticos
895 805 956 852 non
980 804 1072 869 posse
1090 785 1250 868 baptizare
1270 787 1304 850 et
1323 785 1490 850 remissam
1501 781 1542 844 18

348 898 543 978 sectatorum
558 894 634 958 dare
654 893 710 974 qui
731 893 923 974 potestatem
938 907 999 954 non
1019 890 1136 954 hahent
1157 891 1194 954 ut
1213 890 1269 953 aut
1290 888 1411 954 solome
1432 890 1490 953 eut

347 996 446 1079 ligare
461 993 582 1077 aliquid
596 995 629 1058 in
645 993 739 1058 terris
754 993 885 1076 possint.

323 1251 336 1287 ⁵
677 1241 858 1303 venantius
873 1257 894 1302 a
908 1239 1040 1302 numina
1055 1240 1153 1300 dixit:

389 1359 422 1422 Si
438 1359 571 1422 maritus
586 1375 715 1440 peregre
729 1355 927 1440 proficiscens
941 1356 1042 1421 amico
1064 1373 1119 1420 sno
1140 1355 1392 1422 commendasset
1412 1374 1489 1420 ιιιο-
1499 1358 1543 1419 tt

346 1480 411 1524 rem
425 1478 516 1524 suam
539 1459 793 1535 custodiendam,
816 1457 1066 1523 commendatam
1082 1457 1144 1521 sibi
1166 1457 1223 1521 ilie
1245 1457 1363 1538 quanta
1383 1458 1490 1540 posset

345 1562 511 1646 diligentia
525 1563 682 1638 seruaret,
704 1579 743 1627 ne
760 1560 799 1624 ab
814 1560 921 1642 aliquo
937 1561 1066 1625 castitas
1081 1559 1148 1624 eius
1168 1562 1201 1625 et
1221 1559 1374 1624 sauctitas
1397 1560 1489 1624 adrul-

346 1667 509 1729 teraretur.
534 1662 678 1727 Christus
693 1663 855 1729 Dominus
874 1667 908 1728 et
928 1662 1013 1727 Dens
1029 1661 1134 1727 noster
1157 1661 1198 1726 ad
1218 1664 1343 1744 patrem
1363 1662 1489 1745 proiici-

313 1784 435 1832 nscens
449 1783 594 1848 sponsam
609 1782 702 1828 suam
717 1764 808 1829 nohis
823 1764 1051 1829 conmendauit.
1075 1765 1224 1828 utrumne
1238 1782 1308 1828 eam
1328 1763 1491 1846 incorrup-

347 1871 414 1933 tarn
430 1871 462 1933 et
476 1866 661 1931 inuiolatum
677 1867 874 1932 custodimus
888 1886 929 1931 an
944 1865 1164 1950 integritatem
1180 1865 1248 1930 eius
1263 1867 1297 1930 et
1307 1865 1490 1931 castitatem

349 1969 485 2034 moechis
511 1971 543 2032 et
570 1969 804 2049 corruptoribus
830 1968 1014 2052 prodimus?
1037 1967 1091 2050 qui
1112 1967 1198 2031 enim
1217 1966 1377 2048 baptisma
1391 1967 1492 2032 eccle·

348 2073 413 2136 siae
438 2090 603 2135 commune
628 2088 700 2134 cum
727 2070 892 2134 haereticis
919 2070 998 2134 iacit
1022 2087 1169 2152 sponsam
1196 2067 1315 2134 Christi
1338 2069 1493 2135 adulteris

349 2172 462 2254 prodit.

319 2419 344 2456 rs
673 2398 845 2476 hymnus
860 2400 900 2460 ab
915 2400 1065 2478 Ausum
1079 2399 1175 2460 dixit:

397 2513 461 2576 Nos
478 2532 575 2580 unum
591 2514 785 2596 baptismum
808 2515 1000 2597 accepimus,
1024 2518 1058 2581 et
1081 2515 1187 2597 ipsum
1214 2533 1403 2580 exercemus.
1439 2515 1547 2596 quiid

353 2617 459 2679 autem
475 2614 554 2679 dicit
568 2616 643 2696 quia
657 2615 824 2681 haereticis
839 2615 915 2680 licet
928 2617 1105 2697 baptizare,
1128 2617 1196 2699 ipse
1217 2616 1295 2694 duos
1316 2617 1493 2699 baptismos

353 2715 440 2780 iacit.

653 2944 844 3006 Saturninus
859 2963 879 3006 a
893 2945 1081 3006 Victoriana
1095 2945 1193 3006 dixit:

318 3080 345 3120 so
397 3059 429 3124 Si
446 3059 520 3125 licet
535 3059 702 3125 haereticis
723 3061 898 3143 baptizare,
922 3061 1060 3126 excusati
1081 3063 1156 3126 snut
1178 3065 1210 3125 et
1230 3060 1351 3126 defensi
1371 3059 1544 3126 inliciteii

353 3160 519 3240 iacientes,
541 3181 598 3228 uec
611 3163 704 3228 uideo
719 3181 816 3246 quare
829 3181 881 3228 eos
896 3165 953 3228 aut
968 3161 1111 3230 Christus
1130 3163 1327 3229 aduersarios
1351 3180 1425 3229 suos
1440 3164 1496 3228 ent

353 3265 511 3344 apostolus
525 3265 728 3331 antichristos
743 3265 959 3348 appellauerit.

406 3553 423 3603 ‘2
441 3551 553 3605 renuisse
568 3552 602 3606 S.
622 3555 808 3608 remissionem
819 3557 863 3608 Ar
924 3556 942 3608 4
960 3555 1098 3624 aliquisS
1148 3559 1237 3624 potest
1249 3555 1285 3618 S.
1302 3559 1390 3624 possit
1403 3559 1439 3608 T*

355 3636 372 3688 ir
389 3636 553 3690 uenantibna
568 3637 593 3691 L
681 3639 805 3694 thiuuise
817 3639 855 3702 L,
875 3639 990 3694 thiunsa
1004 3643 1039 3706 Τ,
1058 3641 1142 3695 tiniae
1155 3643 1200 3695 Aa
1287 3642 1302 3695 i
1321 3645 1350 3695 et
1362 3658 1498 3696 commen·

355 3721 446 3776 dataro
462 3722 488 3774 T
554 3727 572 3778 8
589 3728 761 3778 eousemaret
773 3725 870 3779 LTAe
922 3725 1093 3782 adulteretur
1105 3727 1131 3780 L
1203 3729 1234 3781 11
1254 3727 1426 3796 inuiolatam]
1438 3728 1498 3782 inu·

356 3811 447 3862 natam
459 3808 486 3862 L
556 3809 767 3865 custodibiernns
779 3810 837 3874 D,
857 3812 1068 3867 custodiemnso
1137 3813 1171 3867 12
1189 3814 1289 3868 moecis
1301 3813 1360 3867 ST·
1434 3829 1500 3883 pro·

355 3894 477 3948 demusu
564 3895 599 3948 15
615 3895 759 3964 ahymmus
772 3895 822 3950 81,
833 3904 859 3950 et
872 3897 948 3952 codd.
958 3899 1049 3966 Aac„
1066 3899 1200 3968 ahymnus
1218 3899 1257 3952 ih
1334 3915 1455 3968 ausuaga
1468 3899 1498 3962 S,

355 3995 495 4050 susmggs
507 3979 548 4044 L,
565 3979 742 4051 fflausnaggx
756 3983 782 4034 T
828 3981 902 4037 dixit
913 3983 1002 4038 συιδ
1065 3984 1098 4038 16
1115 3985 1254 4054 baptisma
1265 3985 1311 4041 Au
1374 3989 1499 4038 tenemus

355 4069 385 4119 et
395 4080 576 4120 excreemnse
641 4066 674 4119 11
693 4067 759 4135 quis
770 4069 800 4122 et
810 4069 855 4122 Ao
903 4067 956 4122 dno
968 4067 1164 4138 baptismatae
1227 4069 1262 4124 19
1279 4069 1412 4124 uictorias
1425 4069 1449 4119 R

355 4150 390 4204 20
407 4149 485 4204 licita
497 4151 711 4206 morinenses
774 4155 808 4207 21
827 4155 926 4208 christi
941 4154 975 4206 T·
1044 4157 1080 4210 22
1096 4155 1314 4211 autichristusS
