4002 5050
712 379 757 433 De
775 379 860 435 berre
878 376 1073 449 patientiae
1091 391 1112 430 c
1130 375 1208 430 4-κ6.
1458 376 1522 442 401

389 543 462 608 neat
487 539 521 604 in
546 536 652 616 nobis,
675 535 703 601 si
718 534 892 601 similitudo
908 534 1016 600 dirrina
1030 553 1123 616 quam
1146 531 1273 616 peccato
1294 530 1399 596 Adam
1420 531 1525 615 perdi-

390 643 480 708 derat
493 639 714 707 manifestetur
728 637 761 704 et
776 639 880 703 luceat
895 636 927 702 in
943 636 1066 702 actibus
1087 636 1210 702 nostris.
1245 653 1324 718 quae
1350 635 1451 720 gloria
1476 636 1525 700 est

391 744 528 810 similem
542 744 608 808 Deo
622 741 707 819 fieri,
730 741 832 824 qualis
847 744 880 807 et
895 743 1012 823 quanta
1026 741 1162 806 felicitas
1175 739 1289 804 habere
1303 739 1337 804 in
1351 738 1524 805 uirtutibus

391 846 473 931 quod
490 845 606 912 mainis
619 843 765 910 trudibus
780 843 881 928 possit
895 844 1032 928 aequari.

357 975 370 1016 r
434 949 588 1026 Nactae,
606 949 718 1015 iratres
732 948 948 1026 dilectissimi,
965 949 1053 1013 Iesus
1068 947 1212 1014 Christus
1225 949 1379 1014 Dominus
1394 948 1426 1014 et
1439 947 1553 1018 Denso

392 1052 497 1118 noster
511 1054 637 1118 tantum
652 1051 756 1118 uerbis
772 1051 894 1131 docuit,
918 1051 973 1116 sed
992 1051 1140 1136 impleuit
1166 1054 1198 1117 et
1222 1051 1325 1117 factis.
1349 1052 1381 1116 et
1405 1049 1459 1133 qui
1486 1048 1527 1114 ad

392 1153 451 1219 hoc
465 1153 661 1220 descendisse
686 1171 720 1220 se
745 1153 866 1218 dixerat
890 1156 928 1217 ut
952 1152 1150 1220 uolunmtem
1179 1153 1278 1237 patris
1303 1153 1419 1218 faceret
1444 1151 1527 1216 inter

394 1256 497 1322 cetera
518 1255 679 1322 mirabilia
701 1256 860 1321 uirtutum
881 1255 996 1339 quibus
1012 1255 1128 1322 indicia
1142 1256 1266 1321 diuinae
1282 1255 1459 1321 maiestatis
1474 1271 1527 1318 ex·

392 1359 508 1442 pressit
528 1361 692 1443 paternam
715 1375 835 1441 qnoque
856 1357 1043 1442 patientiam
1058 1359 1242 1424 tolerantiae
1256 1359 1363 1424 tenore
1378 1358 1527 1424 seruauit.

358 1487 385 1526 ro
393 1461 494 1528 omnis
505 1461 637 1542 denique
648 1463 738 1526 actus
749 1462 817 1527 eius
832 1461 872 1526 ab
887 1461 954 1542 ipso
970 1461 1081 1526 statim
1096 1460 1233 1526 aduentu
1248 1460 1401 1543 patientia
1415 1461 1528 1526 comite

393 1564 554 1648 signatur,
576 1563 659 1646 quod
682 1565 820 1645 primum
842 1563 882 1628 de
898 1560 981 1649 [illa]
999 1563 1195 1628 sublimitate
1211 1563 1338 1628 caelesti
1353 1562 1392 1629 ad
1408 1564 1529 1628 terrena

393 1666 580 1733 descendens
594 1685 656 1731 non
678 1667 861 1750 aspamatur
883 1665 942 1746 Dei
965 1665 1050 1732 tilius
1066 1685 1188 1732 carnem
1203 1665 1340 1732 hominis
1354 1665 1481 1732 induere
1495 1665 1528 1731 et

395 1785 466 1832 cum
479 1770 623 1850 peccator
638 1767 705 1850 ipse
719 1785 781 1832 non
795 1769 878 1833 esset
892 1769 996 1832 aliena
1009 1770 1136 1850 peccate
1150 1769 1282 1850 portare.
1299 1769 1528 1834 inmortalitate

394 1869 522 1936 interim
536 1870 639 1953 posita
660 1870 727 1935 fieri
750 1889 784 1936 se
805 1869 970 1937 mortalem
992 1871 1115 1953 patitur
1137 1873 1174 1935 ut
1187 1871 1331 1937 innocens
1346 1891 1401 1954 pro
1416 1891 1530 1938 nocen-

361 1997 387 2038 ιι
396 1973 478 2038 tium
494 1973 595 2038 salute
610 1972 794 2056 perimatur.
818 1973 972 2037 Dominus
986 1972 1166 2056 baptizatur
1180 1991 1199 2037 a
1212 1992 1302 2039 seruo
1318 1977 1350 2040 et
1364 1975 1528 2040 remissam

396 2075 596 2158 peccatomm
622 2076 754 2140 daturus
779 2075 845 2158 ipse
871 2092 931 2140 non
947 2074 1135 2158 dedignatur
1149 2075 1273 2141 lauacro
1288 2075 1531 2162 regenerationis

396 2195 508 2258 corpus
522 2176 656 2242 abluere.
681 2176 790 2241 diebus
805 2176 1012 2260 quadraginta
1027 2177 1144 2242 ieiunat
1159 2197 1321 2260 perquem
1337 2180 1430 2245 ceteri
1446 2179 1533 2264 sagi·

396 2279 530 2345 nactur:
546 2279 646 2344 esurit
659 2280 692 2343 et
706 2279 820 2343 famem
837 2278 935 2343 sensit
950 2281 988 2343 ut
1002 2279 1056 2360 qui
1067 2279 1101 2343 in
1113 2278 1196 2344 fame
1207 2282 1357 2347 sermonis
1368 2283 1401 2347 et
1412 2283 1533 2365 gratiae

397 2382 523 2448 fuerant
544 2382 673 2448 caelesti
696 2401 774 2464 pane
795 2382 1018 2448 saturarentur.
1044 2401 1116 2447 cum
1130 2382 1255 2448 diabolo
1270 2385 1445 2468 temptante
1460 2402 1533 2450 con-

352 2506 390 2566 Ὶιο
399 2484 542 2568 graditur
557 2487 590 2550 et
603 2484 767 2550 inimicum
782 2485 907 2549 tantum
923 2483 1038 2548 uicisse
1053 2486 1216 2550 contentus
1231 2484 1311 2548 nihil
1331 2487 1418 2551 ultra
1439 2486 1534 2552 uerba

399 2587 537 2652 conatur.
574 2586 737 2672 discipulis
766 2604 827 2652 non
857 2587 893 2651 ut
914 2587 1013 2652 seruis
1036 2587 1191 2653 dominica
1213 2589 1366 2670 potestate
1389 2591 1534 2674 praefuit,

398 2691 453 2756 sed
465 2690 619 2776 benignus
635 2691 667 2756 et
677 2689 765 2755 mitis
781 2691 917 2754 fleterna
931 2709 982 2755 ecs
997 2692 1127 2757 caritate
1138 2690 1258 2769 dilexit,
1274 2693 1423 2778 dignatus
1438 2695 1534 2761 etiam

399 2791 493 2876 pedes
509 2792 719 2874 apostolorum
735 2791 850 2869 lauare,
866 2793 903 2856 ut
918 2791 993 2857 dum
1009 2792 1092 2858 circa
1107 2811 1212 2859 seruos
1227 2793 1302 2859 talis
1318 2796 1366 2860 est
1380 2795 1535 2876 dominus,

401 2894 541 2976 exemplo
568 2912 623 2959 suo
650 2893 775 2958 doceret
799 2893 902 2975 qualis
929 2895 1011 2959 circo
1037 2914 1184 2977 conpares
1210 2898 1242 2961 et
1265 2899 1409 2980 aequales
1424 2900 1537 2965 debeat

367 3013 468 3061 cresse
493 3013 671 3060 conserues.
692 3013 749 3060 nec
763 2996 941 3060 mirandum
957 2994 1040 3078 quod
1062 2996 1144 3062 circa
1166 2997 1365 3065 obaudientes
1387 3002 1463 3066 talis
1485 3019 1538 3065 ex·

402 3097 506 3163 titerit
532 3097 586 3180 qni
612 3097 725 3162 Iudam
752 3097 857 3179 potuit
882 3115 979 3179 usque
1004 3097 1045 3162 ad
1068 3101 1242 3166 extremum
1267 3101 1362 3187 longa
1387 3105 1540 3186 patientis

404 3199 573 3280 sustinere,
597 3199 702 3264 cibum
718 3218 790 3264 cum
805 3197 933 3265 inimico
948 3217 1072 3282 cepere,
1096 3201 1218 3267 bostem
1234 3203 1443 3270 domesticum
1458 3206 1537 3272 scire

456 3388 471 3439 1
484 3386 513 3450 in
523 3386 611 3456 nobis]
622 3385 845 3440 siconsnmmari.
856 3423 863 3435 .
873 3384 1035 3439 .natiaitate
1043 3387 1143 3455 repetit
1152 3387 1201 3451 θ’,
1212 3403 1271 3456 cap.
1281 3389 1321 3442 θ’
1370 3391 1395 3444 si
1405 3391 1489 3445 arrad

404 3469 575 3539 peccantes
626 3469 740 3524 διιιιθ1
799 3471 904 3525 etdens
920 3471 1095 3526 walnas
1145 3471 1542 3532 densetdominusaeletdc·

405 3554 603 3610 minusdenso
655 3554 773 3623 spreuit
787 3556 994 3625 etqaiaobbis
1007 3557 1140 3628 iacs'pttS
1191 3557 1249 3628 quil
1265 3561 1357 3628 quiae
1409 3561 1541 3616 'ldiscen-

407 3639 478 3694 disse
493 3657 521 3694 se
537 3639 639 3705 ΒΨ,
657 3639 892 3696 descendisses&
954 3641 1136 3712 deipstrisS
1201 3643 1412 3699 8sdmirabilia
1428 3646 1466 3711 W,
1486 3661 1543 3700 am·

406 3725 546 3781 mirabilia
559 3727 597 3793 θ,
616 3726 755 3797 magnalia
776 3726 813 3792 V,
830 3727 970 3798 magnalia
989 3729 1018 3781 et
1039 3727 1178 3783 mirabilia
1197 3731 1311 3798 scripsit
1328 3731 1494 3804 Kraciaper

406 3813 541 3868 uirtutum
553 3829 662 3868 suarum
674 3814 841 3868 celsnarum
854 3813 1019 3868 uirtutumo
1081 3815 1239 3870 decrescit
1249 3817 1385 3872 teneret}
1443 3819 1478 3874 10
1488 3833 1544 3874 cm·

406 3915 484 3952 noso
534 3898 728 3968 pacientiseG
780 3899 813 3953 11
826 3898 999 3968 signarrtnrv
1051 3899 1103 3955 illa
1114 3900 1199 3956 συιδ
1251 3902 1494 3973 reportasse

408 3984 442 4039 14
460 3983 620 4054 sepositas¹
689 3985 869 4040 etmortnlcm
882 3987 937 4042 We
1006 3987 1041 4042 15
1058 3988 1263 4058 perematan
1330 3990 1444 4045 munisse
1456 3989 1490 4046 8¹

409 4071 443 4125 16
459 4069 619 4140 designatur
632 4071 681 4127 W¹
738 4072 773 4126 17
790 4073 934 4143 mgiantnr
948 4071 981 4128 S¹
1039 4074 1074 4128 18
1087 4073 1218 4129 lamenti
1270 4076 1548 4131 sentit-saturentur

411 4156 495 4213 ch
546 4157 580 4211 19
592 4156 703 4211 diabulo
712 4156 778 4212 sW
819 4159 1045 4214 toambuam&
1097 4158 1357 4228 22dignatnscstc
1402 4162 1535 4232 tiaeque

408 4243 447 4298 les
459 4259 494 4299 ea
506 4243 600 4314 quales
613 4243 713 4300 Stat
797 4245 833 4301 25
850 4246 1020 4303 oboedientes
1041 4247 1106 4304 We
1112 4288 1120 4312 ,
1147 4261 1282 4317 compares
1299 4247 1473 4305 obaudientes
1489 4249 1550 4304 Bc·

409 4329 500 4385 ιυειιιι
563 4331 670 4386 mles&
725 4330 760 4388 at
778 4332 1014 4402 represserat.
1033 4349 1171 4390 sumeres

510 4435 563 4484 111.
1303 4423 1353 4488 26·
