3936 5032
701 364 747 420 Da
765 363 936 420 dominioa
954 364 1110 420 oratione
1127 381 1150 420 o.
1168 365 1277 421 10-13.
1507 366 1573 435 275

438 523 567 590 sanati
589 523 732 602 estote,
767 521 949 604 qnoniam
971 523 1009 586 et
1031 538 1100 606 ego
1122 523 1280 588 sanetus
1302 541 1398 600 sum,
1432 521 1466 587 id
1491 522 1574 605 peti-

437 642 509 690 mus
530 627 564 690 et
584 641 749 710 rogamus,
772 623 886 706 utqui
907 623 941 687 in
963 622 1120 705 baptismo
1142 623 1327 689 sanotifioati
1353 643 1463 690 sumus
1484 625 1518 690 iu
1539 642 1574 690 eo

438 727 519 808 quod
540 745 607 792 esse
632 727 791 809 coepimus
812 744 1054 809 perseueremus.
1083 728 1115 792 et
1135 726 1193 792 hoo
1214 727 1343 792 cottidie
1364 727 1573 810 deprecamur.

437 847 514 912 opus
536 831 586 895 est
606 830 692 896 euim
712 829 803 896 nobis
825 830 997 895 cottidiana
1012 831 1232 909 sanctificatio,
1254 830 1360 912 utqui
1374 830 1505 896 cottidie
1519 830 1575 895 de-

402 951 415 991 r
437 931 610 1014 linquimus
623 933 857 1000 deliotanostra
868 931 1111 1000 sauotifioatione
1123 933 1255 1000 adsidua
1268 951 1479 1018 repurgemus.
1496 951 1575 1016 qnae

436 1036 543 1100 antem
571 1034 615 1100 sit
640 1035 846 1101 sanctificatio
868 1054 949 1118 quae
969 1036 1059 1101 uobis
1080 1036 1119 1101 de
1141 1037 1201 1102 Dei
1222 1037 1404 1122 dignatione
1418 1037 1577 1102 oonlertur

437 1137 596 1220 apostolus
610 1137 772 1221 praedicat
786 1138 908 1203 diosus:
937 1155 1060 1219 neque
1082 1138 1291 1204 fornicarii
1311 1158 1433 1222 neque
1453 1138 1576 1204 idolis

437 1240 656 1306 seruientes
678 1259 800 1322 noque
822 1240 1000 1305 adulteri
1027 1259 1150 1322 nequo
1182 1240 1321 1308 molles
1354 1260 1477 1324 neque
1498 1259 1577 1307 ma-

437 1343 634 1408 soulorum
656 1341 904 1424 adpetitores
924 1360 1047 1423 neque
1068 1341 1576 1425 luresuoquefraudulonti

402 1460 557 1525 seneque
579 1444 726 1510 ebriosi
746 1462 868 1526 noque
887 1441 1074 1510 maledici
1088 1463 1208 1527 nequo
1222 1447 1400 1527 raptores
1415 1463 1578 1530 regnum

436 1545 508 1612 Dei
529 1549 825 1628 consequentur.
859 1547 897 1612 et
929 1546 1024 1612 liaeo
1057 1546 1210 1630 quidem
1238 1546 1394 1625 fuistis,
1428 1547 1493 1612 sed
1515 1547 1578 1612 ab·

436 1651 514 1717 luti
549 1650 668 1728 estis,
707 1651 775 1715 sed
813 1649 1035 1716 iustilioati
1069 1651 1184 1730 estis,
1223 1652 1289 1717 sed
1327 1649 1578 1717 sanctificati

438 1752 540 1819 ostis
572 1753 612 1818 in
644 1751 798 1818 nomine
825 1750 983 1816 Domini
1016 1750 1105 1816 lesu
1139 1751 1286 1818 Christi
1309 1754 1347 1818 et
1368 1753 1407 1817 in
1428 1752 1579 1835 spiritu

437 1854 507 1920 Dei
539 1853 675 1919 nostri.
710 1851 920 1919 smotifioatos
955 1870 1011 1918 nos
1043 1851 1122 1918 dioit
1146 1853 1180 1918 in
1204 1853 1328 1920 nomino
1353 1853 1481 1920 Domini
1506 1853 1579 1919 Iesu

404 1971 430 2011 ιι
439 1953 555 2020 Christi
570 1956 603 2020 et
617 1953 650 2019 iu
665 1953 780 2036 spiritu
791 1952 852 2018 Dei
863 1953 972 2018 nostri.
995 1953 1072 2018 haee
1085 1955 1289 2020 sanotifioatio
1305 1958 1341 2020 ut
1355 1955 1388 2020 in
1403 1955 1493 2020 uobis
1507 1974 1579 2037 per-

438 2057 564 2122 maueat
578 2073 713 2132 oramus,
731 2056 764 2120 et
778 2053 853 2136 quia
872 2053 1026 2120 Dominus
1042 2057 1075 2120 et
1089 2053 1181 2120 iudex
1202 2057 1307 2122 nostor
1320 2058 1427 2122 sanato
1449 2075 1469 2122 e
1491 2073 1525 2122 se
1547 2059 1580 2121 et

438 2158 597 2222 uiuifioato
620 2157 831 2223 comminatur
851 2158 915 2221 iam
936 2175 999 2221 non
1022 2157 1216 2239 delinquere,
1238 2176 1277 2222 ue
1299 2159 1420 2240 quidsi
1442 2159 1580 2224 deterius

437 2259 510 2335 liat,
532 2259 613 2324 hano
635 2259 790 2324 oontinuis
813 2257 1006 2323 orationibus
1028 2276 1151 2339 prooem
1173 2258 1323 2336 facimus,
1345 2259 1404 2324 hoo
1418 2259 1529 2325 diebus
1544 2279 1581 2325 ao

437 2360 580 2426 uootibos
602 2359 798 2442 postulamus
820 2363 858 2424 ut
882 2357 1090 2424 sunotifioetio
1112 2361 1146 2424 et
1165 2359 1336 2425 uiuifioatio
1359 2378 1438 2442 quae
1459 2361 1499 2426 de
1520 2362 1581 2427 Dei

404 2463 542 2547 ingratia
556 2461 696 2528 sumitur
710 2461 811 2544 ipsius
825 2462 1017 2544 protectione
1030 2465 1181 2528 seruetur.

482 2562 630 2646 Soqrritur
656 2563 690 2628 iu
716 2564 871 2630 oratione:
906 2562 1097 2629 adueniat
1118 2582 1278 2649 reguum
1300 2567 1417 2631 tuum.
1447 2563 1632 2649 regnumld

439 2667 535 2732 etiam
550 2665 610 2731 Dei
625 2665 850 2746 repraesentari
864 2666 954 2731 nobis
969 2666 1124 2748 petimus,
1146 2667 1240 2732 siouti
1262 2670 1295 2734 et
1317 2686 1429 2733 nomon
1451 2667 1519 2732 eius
1544 2666 1581 2730 ut

439 2766 577 2834 innotis
592 2765 805 2832 smoufioeour
830 2767 1036 2848 postulemus.
1060 2785 1132 2832 uam
1147 2768 1232 2834 Deus
1246 2769 1368 2851 quaudo
1383 2785 1444 2835 non
1459 2771 1579 2853 regnat,

440 2872 496 2935 aut
510 2871 673 2952 aputeum
687 2868 811 2951 quando
827 2869 938 2951 iuoipit
953 2869 1034 2951 quod
1055 2871 1088 2934 ot
1108 2889 1230 2952 sempor
1243 2871 1306 2938 suit
1320 2877 1353 2937 et
1367 2891 1434 2937 esse
1448 2889 1510 2936 nou
1524 2870 1581 2934 de-

406 2989 431 3029 as
441 2971 541 3037 siniti
563 2970 706 3036 nostrum
721 2989 853 3053 regnum
873 2969 1011 3052 potimus
1031 2969 1180 3036 aduenire
1194 2991 1214 3037 a
1228 2973 1293 3037 Doo
1307 2973 1396 3038 uobis
1411 2971 1581 3056 repromis-

442 3090 528 3150 sum,
551 3068 669 3137 Christi
684 3071 835 3155 sauguine
855 3072 888 3136 ot
902 3071 1044 3153 passioue
1058 3073 1253 3154 quaesitum,
1276 3077 1313 3140 ut
1332 3074 1385 3156 qui
1410 3075 1444 3139 in
1458 3071 1581 3139 saeculo

442 3173 514 3238 ante
535 3172 724 3238 seruiuimus
745 3171 946 3256 postmodum
961 3171 1085 3238 Christo
1100 3173 1279 3240 dominante
1294 3193 1476 3259 regnemus,
1499 3174 1583 3239 siout

442 3273 510 3358 ipse
523 3274 691 3357 pollioetur
705 3276 739 3339 ot
753 3273 846 3341 dicit:
872 3274 1026 3354 uenite,
1041 3274 1241 3342 benedieti
1256 3277 1484 3360 patriensi,
1499 3294 1582 3359 per·

547 3477 904 3546 menandrianos.)
958 3476 1197 3548 sicessosq.
1250 3481 1286 3534 ae
1303 3479 1461 3545 usatites,
1475 3481 1518 3536 ss

496 3631 512 3683 1
531 3629 670 3699 quonium]
684 3629 814 3698 quomodo
835 3628 911 3684 codd.
930 3631 1047 3700 Auprost.
1136 3631 1165 3686 et
1184 3646 1252 3688 oneo
1272 3639 1299 3688 et
1315 3633 1392 3688 codd.
1412 3634 1531 3704 depost.

445 3730 504 3769 eum
514 3729 565 3768 oea.
580 3715 615 3766 W
691 3713 720 3768 id
733 3713 836 3777 SWV,
854 3713 913 3768 ideo
929 3713 956 3766 G
1025 3715 1089 3768 Det
1103 3717 1165 3772 We.
1174 3719 1192 3773 l.
1204 3721 1267 3772 Μ
1335 3717 1585 3774 deauctilioatiouo

449 3798 661 3868 GoetAupoet
674 3797 692 3854 1.
703 3814 726 3854 o.
739 3797 793 3862 IV,
806 3801 897 3866 10,27
992 3799 1193 3868 ildiguitatoO
1290 3803 1535 3871 lnequoonimW

446 3887 464 3940 8
481 3884 660 3939 mutulorum
673 3881 698 3939 S
748 3885 781 3938 11
800 3885 976 3938 armantur
989 3883 1028 3938 W
1078 3886 1189 3954 quidam
1201 3888 1270 3944 WV
1281 3889 1340 3954 (καὶ
1352 3886 1439 3943 ταῦτά
1452 3909 1524 3950 τινες
1539 3887 1584 3957 ἦτε

450 3969 566 4036 θῆκας
579 3969 616 4037 of.
627 3973 686 4024 teet.
698 3969 754 4024 111
760 3971 807 4038 65)
856 3969 890 4023 1⁴2
897 3968 948 4049 ped
957 3969 1121 4056 quotidiani
1132 3974 1198 4029 estis
1207 3973 1295 4030 omli
1342 3975 1374 4029 13
1386 3973 1489 4030 domiui
1498 3977 1584 4030 nostri

450 4055 493 4111 Oe
550 4055 692 4110 inmisW
755 4055 1079 4126 14domiuildnimiG
1145 4058 1418 4118 15inWe.l.oo.2
1469 4059 1588 4117 hueoW

317 4211 319 4216 ι
446 4139 569 4193 a.l.or.2
638 4139 673 4192 16
684 4153 958 4196 oremueeaoramus
973 4142 1073 4196 (lm
1150 4144 1182 4197 11
1196 4143 1534 4213 uiuilioatolrustifioeoio

447 4221 502 4278 iarn
515 4226 693 4295 orlamund.
707 4225 1003 4296 todedonopereea.
1083 4243 1135 4283 uou
1149 4229 1325 4285 Ws.l.m.2
1401 4231 1585 4301 derelinquere

453 4307 491 4362 οι
537 4309 571 4364 1e
582 4309 806 4367 isermundo*
854 4313 888 4367 ro
899 4312 1067 4382 postulemus
1077 4313 1117 4369 θ’
1163 4297 1357 4384 ueoerpoffls
1402 4315 1536 4386 aorprs

1315 4401 1378 4468 18*
