4002 5050
724 401 770 455 De
787 401 872 455 bono
889 400 1085 471 patientiae
1103 416 1125 456 a
1144 405 1238 460 'l-ld.
1483 407 1549 474 403

455 556 499 620 lit
520 557 591 638 post
611 556 675 622 ista
696 556 799 621 adhuc
812 557 1027 624 interfectores
1042 575 1130 638 snos,
1154 561 1181 624 ei
1196 559 1337 626 conuersi
1352 561 1392 626 ad
1406 579 1479 627 enm
1493 561 1581 626 ne-8

412 659 531 738 norint,
554 659 686 744 suscipit
700 659 733 726 et
746 659 902 743 patientia
916 662 1049 728 salutari
1069 663 1109 728 ad
1131 665 1378 730 conseruandum
1392 665 1548 751 benignus

412 762 575 828 ecclesiam
590 780 680 828 snam
695 762 813 828 nomini
824 765 934 830 cludit.
951 765 1024 831 illos
1035 767 1239 846 aduersarios,
1256 767 1329 833 illos
1339 767 1548 850 blasphemos,

411 864 485 930 illos
498 865 636 931 nominis
650 867 700 930 sui
714 884 838 949 semper
851 867 1009 944 inimicos,
1033 868 1300 949 sipamitontiam
1316 870 1424 936 delicti
1440 874 1547 954 agant,

376 989 388 1028 a
411 967 439 1032 si
454 967 627 1034 admissum
643 969 764 1035 facinus
778 972 967 1054 agnoscant,
989 987 1050 1036 non
1065 971 1167 1036 solum
1182 973 1223 1037 ad
1237 972 1470 1058 indulgentiam
1485 975 1547 1039 cri-

411 1071 506 1134 minis
521 1071 575 1136 sed
590 1072 631 1136 ad
644 1071 820 1153 praemium
835 1072 924 1157 regni
939 1073 1083 1138 caelestis
1098 1074 1249 1140 admittit.
1274 1075 1351 1157 qnid
1372 1077 1477 1160 potest
1490 1095 1548 1161 pa-

410 1173 557 1250 tientins,
574 1175 650 1257 qnid
664 1174 832 1260 benignius
846 1176 932 1241 dici?
955 1176 1135 1243 uiuificatur
1150 1177 1267 1243 Christi
1282 1179 1434 1264 sanguino
1448 1179 1547 1246 etiam

411 1277 465 1357 qui
480 1275 565 1342 fudit
579 1279 763 1362 sanguinem
778 1277 906 1344 Christi.
931 1278 1005 1344 talis
1020 1281 1069 1344 est
1083 1278 1202 1344 Christi
1221 1299 1258 1345 ac
1272 1283 1364 1345 tanta
1377 1282 1547 1364 patientia:

411 1396 489 1459 qnae
514 1379 576 1443 nisi
600 1380 676 1446 talis
701 1382 735 1445 et
758 1383 848 1446 tanta
873 1383 1036 1460 existeret,
1058 1382 1194 1447 Paulum
1221 1401 1344 1464 quoque
1369 1384 1547 1466 apostolum

375 1503 402 1544 ιο
409 1482 540 1547 ecclesia
553 1500 614 1547 non
628 1483 768 1549 haberet.

453 1583 571 1664 Quodsi
596 1588 629 1649 et
654 1605 730 1664 nos,
753 1586 866 1652 fratres
892 1589 1108 1666 dilectissimi,
1141 1591 1175 1654 in
1206 1589 1332 1654 Christo
1357 1608 1484 1666 sumus,
1518 1589 1577 1655 sit

410 1685 513 1768 ipsum
528 1687 704 1763 induimus,
728 1689 756 1753 si
777 1691 845 1772 ipso
867 1692 916 1755 ost
937 1691 1050 1755 salutis
1070 1695 1195 1757 nostrae
1217 1693 1284 1768 uia,
1308 1692 1362 1774 qui
1385 1690 1546 1756 Christum

409 1789 554 1874 uestigiis
576 1791 769 1855 salutaribus
791 1793 952 1874 sequimur
973 1811 1028 1874 per
1050 1791 1168 1858 Christi
1190 1794 1333 1875 exempla
1353 1793 1545 1878 gradiamur,

410 1893 493 1958 sicud
519 1893 670 1959 Iohannes
697 1895 856 1976 apostolus
882 1895 1013 1960 instruit
1038 1895 1159 1961 dicens:
1198 1897 1263 1977 qui
1296 1897 1401 1962 dicit
1431 1913 1474 1962 so
1506 1897 1547 1962 in

375 1992 570 2061 ochristo
592 2014 745 2061 manere
777 1997 896 2062 debat
929 1997 1116 2079 quomodo
1149 1997 1224 2062 ille
1258 1998 1486 2063 ambulabit
1508 2001 1547 2063 et

410 2097 494 2180 ipse
515 2096 726 2163 ambulare.
760 2099 840 2164 item
854 2098 968 2164 Petrus
991 2117 1190 2181 superquam
1206 2099 1337 2164 ecclesia
1352 2099 1479 2165 Domini
1494 2100 1545 2164 di-

410 2199 556 2282 gnatione
577 2199 709 2264 lundata
730 2203 779 2265 est
800 2201 833 2264 in
855 2202 991 2284 epistula
1013 2221 1070 2267 soa
1092 2203 1181 2282 ponit
1196 2205 1228 2266 et
1243 2201 1338 2265 dicite
1362 2201 1547 2266 Christus

409 2318 549 2382 passus
572 2305 631 2366 ost
652 2320 719 2384 pro
741 2303 858 2368 uobis
879 2303 1080 2387 relinqens
1102 2304 1215 2370 uobis
1236 2305 1471 2387 exemplum,
1505 2307 1548 2370 ot

409 2405 628 2484 sequamini
662 2406 841 2490 uestigia
874 2408 959 2472 eius
991 2407 1058 2489 qui
1089 2405 1300 2490 peccatum
1326 2426 1399 2473 non
1432 2407 1547 2483 fecit,

374 2521 478 2569 aonec
500 2503 613 2570 dolus
635 2507 826 2573 inuentus
849 2511 908 2574 ost
936 2509 974 2574 in
1002 2528 1066 2574 ore
1095 2509 1196 2587 eius,
1230 2509 1404 2590 quicum
1431 2508 1548 2573 male-

411 2604 614 2673 diceretur
634 2629 708 2676 non
730 2611 1015 2690 remaledixit,
1046 2628 1130 2676 cum
1151 2613 1359 2695 pateretur
1379 2628 1455 2674 non
1477 2610 1547 2674 mi-

410 2713 594 2790 nabatur,
616 2713 803 2780 tradebat
825 2716 956 2780 antem
979 2733 1022 2780 se
1044 2714 1246 2780 iudicanti
1268 2714 1429 2778 iniuste.

453 2815 633 2882 Inuenimus
648 2817 782 2899 denique
797 2819 829 2882 et
843 2817 1037 2901 patriarchas
1053 2821 1085 2882 et
1099 2817 1266 2899 prophetas
1281 2818 1314 2880 et
1326 2815 1428 2879 iustos
1440 2831 1547 2881 omnes
1561 2823 1602 2887 10

409 2919 463 3002 qui
478 2919 612 3003 liguram
643 2918 761 2984 Christi
787 2919 927 3003 imagine
952 2920 1121 3002 praeeunte
1148 2918 1314 3000 portabant
1340 2917 1422 2984 nihil
1444 2919 1548 3004 magis

374 3036 399 3078 ²⁵
410 3021 582 3088 custodisse
597 3022 630 3087 in
643 3022 737 3087 laude
751 3021 909 3088 uirtutum
924 3040 1053 3087 suarum
1069 3040 1163 3104 quam
1176 3019 1258 3102 quod
1268 3020 1457 3102 patientiam
1471 3021 1547 3087 ferti

410 3129 443 3191 et
464 3125 573 3191 stabili
595 3127 840 3208 aequanimitate
861 3126 1038 3190 tonuemnt.
1074 3124 1120 3190 sic
1134 3123 1217 3189 Abel
1233 3124 1387 3208 originem
1403 3125 1548 3208 martyrii

409 3229 442 3292 et
463 3229 637 3308 passionem
660 3227 737 3291 iusti
759 3227 890 3292 initians
905 3227 1026 3310 primus
1041 3229 1074 3292 et
1088 3226 1235 3291 dedicans
1250 3227 1401 3291 aduersus
1416 3227 1548 3292 fratrem

511 3415 545 3467 14
562 3413 627 3468 110.
640 3413 704 3478 ae.
759 3415 792 3467 na
811 3413 911 3467 ineu.
924 3413 951 3478 a,
962 3414 995 3467 21
1009 3428 1048 3481 sq.

459 3588 474 3640 1
493 3587 549 3640 iata
560 3586 680 3641 omniao
732 3586 866 3656 uenerint]
880 3585 1011 3640 lnuinto
1074 3584 1091 3638 2
1109 3582 1244 3652 benignus
1255 3583 1318 3639 SW
1321 3583 1388 3648 CV,
1408 3583 1542 3653 benignus

406 3671 581 3740 etpatienea
631 3669 1012 3739 3illoeblasphemoeooa8
1066 3666 1391 3737 huominia]dominis8
1460 3668 1542 3723 oneo

405 3755 494 3812 esea
562 3755 745 3824 equata
807 3753 1035 3809 cesseramus
1085 3735 1544 3824 nueuffie'ounaee

405 3841 471 3896 talis
483 3840 563 3897 WCo
615 3839 651 3895 10
667 3841 807 3895 aecclesia
821 3840 847 3895 θ
859 3841 899 3910 (et
911 3842 994 3908 erce.)
1048 3839 1080 3893 11
1093 3839 1119 3892 ei
1131 3839 1210 3908 (arcte
1218 3838 1320 3908 ipsum)
1330 3841 1387 3894 Wa.
1399 3839 1416 3894 l.
1430 3843 1494 3894 m.2

405 3928 440 3983 12
451 3929 476 3983 si
487 3929 576 3998 ipsum
587 3926 726 3981 induimus
735 3931 799 3996 poet
808 3926 855 3980 aia
860 3927 944 3995 ponit
955 3925 993 3993 S,-
1005 3925 1071 3992 fort.
1083 3923 1233 3980 &Mam
1284 3925 1320 3979 14
1330 3925 1449 3980 instruet
1458 3925 1493 3980 8¹

405 4014 440 4069 18
456 4013 534 4068 nobie
546 4013 611 4068 170
617 4013 654 4075 V,
670 4011 749 4066 nobie
762 4011 799 4080 S,·
812 4013 848 4078 cs.
861 4017 921 4066 teat.
935 4011 1050 4065 11139.
1068 4009 1103 4064 da
1113 4010 1173 4064 calo
1185 4015 1211 4063 et
1222 4009 1312 4064 dicore
1323 4025 1345 4064 c.
1356 4015 1390 4064 11
1454 4011 1544 4082 nohis]

404 4101 482 4156 nobis
491 4099 525 4156 S·
582 4097 783 4156 oteramo!
832 4093 1493 4160 21remaledixitsw²unremaledieehatw¹e

405 4187 561 4242 minabatur
573 4185 664 4243 SWG
670 4187 707 4250 V,
725 4183 940 4240 comminabatur
951 4201 969 4238 o
1019 4182 1055 4237 22
1066 4181 1212 4236 tradebant
1224 4179 1248 4236 S
1311 4181 1412 4235 iniuste
1424 4197 1459 4236 erc
1469 4181 1544 4237 iuste

405 4271 749 4338 deamanetnimtee
800 4269 971 4327 abactas
1018 4267 1242 4340 pahiarcaoWG
1291 4266 1543 4334 mineuswor,

404 4360 473 4415 insti
484 4359 634 4415 hominiao
688 4359 818 4414 aduersus
833 4357 1009 4414 Watactt

1269 4440 1337 4506 26*
