4234 5046
677 1183 844 1282 rursu
871 1185 1052 1270 aarum
1079 1129 1302 1273 rrrnrrrr

759 1421 844 1519 ΑΙ)
886 1421 1224 1522 DONATUM.

448 1651 546 1762 Bene
560 1689 723 1768 admones,
745 1689 869 1754 Donate
884 1688 1060 1755 carissime:
1083 1707 1159 1755 nam
1173 1691 1205 1754 et
1218 1689 1400 1772 promisisse
1414 1705 1466 1754 me
1479 1705 1548 1756 me-
1557 1685 1576 1754 'i
1604 1692 1607 1702 ’
1643 1695 1647 1704 “

389 1793 500 1871 mini,
530 1793 563 1858 et
587 1790 737 1862 reddendi
761 1790 988 1873 tempestiuum
1013 1807 1138 1873 prorsus
1163 1790 1222 1857 hoo
1246 1791 1372 1873 tempus
1396 1793 1459 1869 est,
1488 1809 1548 1872 quo

384 1897 590 1981 sindulgoute
612 1892 772 1960 uindemia
805 1891 927 1958 solutus
957 1892 1081 1958 suimus
1108 1893 1143 1957 in
1165 1893 1304 1975 quietem
1326 1893 1493 1958 sollemnes
1514 1909 1550 1958 ao

405 1999 507 2065 statas
528 1996 602 2062 anni
624 1994 789 2080 fatigantis
816 1993 956 2059 indutias
983 1995 1142 2060 sortiatur.
1176 1993 1264 2059 loeus
1285 1995 1382 2059 etiam
1404 2013 1476 2059 eum
1499 1993 1549 2058 die

405 2098 565 2179 aemonii,
590 2101 622 2165 ot
643 2095 819 2163 mulcendis
834 2095 977 2162 sensibus
991 2113 1028 2160 ao
1042 2095 1185 2162 fouendis
1199 2096 1241 2161 ad
1255 2095 1339 2162 lenes
1353 2113 1444 2162 auras
1458 2095 1548 2160 blan·

405 2203 521 2268 disutis
535 2199 681 2290 autumni
694 2200 858 2278 hardenum
873 2197 967 2262 facies
982 2215 1113 2263 amoena
1130 2197 1298 2263 consentit:
1313 2197 1366 2262 hio
1382 2197 1550 2262 ioouudum

405 2301 601 2370 sermonibus
625 2301 710 2366 diem
731 2300 844 2364 duoere
864 2300 897 2365 et
919 2298 1118 2364 studentibus
1139 2297 1256 2364 fabulis
1277 2299 1312 2364 in
1332 2299 1440 2363 diuina
1459 2317 1549 2382 prae·

371 2428 396 2469 10
404 2407 495 2488 cepta
510 2401 731 2470 conscientiam
753 2399 888 2484 pectoris
909 2399 1041 2465 erudire.
1066 2415 1103 2465 so
1117 2417 1156 2465 ne
1171 2399 1257 2482 loqui
1271 2401 1415 2465 nostrum
1430 2399 1549 2467 arbiter

404 2507 553 2592 profanus
577 2502 809 2587 impediebant
836 2502 953 2568 elamor
980 2502 1192 2584 intemperans
1217 2501 1356 2567 familiae
1382 2502 1549 2584 strepentis
1626 2538 1628 2542 -

405 2609 573 2689 obtundat,
594 2608 740 2696 petamus
759 2605 840 2671 hano
866 2605 986 2672 sedem:
1011 2603 1088 2670 dant
1107 2621 1263 2670 secessum
1289 2603 1395 2670 uioina
1419 2607 1547 2682 secretu,

404 2711 461 2777 ubi
482 2711 558 2776 dum
578 2708 704 2775 erratici
724 2707 892 2790 palmitum
914 2706 1022 2790 lapsus
1041 2706 1173 2772 nexibus
1193 2705 1337 2790 pendulis
1356 2723 1412 2790 per
1432 2707 1549 2770 harim-

405 2813 493 2880 dines
514 2811 637 2877 bairrlas
657 2809 787 2892 repunt,
809 2808 930 2874 uriteam
955 2809 1112 2892 porticum
1138 2807 1265 2874 frondea
1290 2807 1374 2873 teuta
1398 2807 1547 2874 feceruut.

370 2917 482 2984 abone
500 2915 553 2980 hio
568 2911 721 2980 studiain
745 2930 834 2977 aures
850 2912 977 2992 darum,
1001 2913 1034 2978 et
1054 2913 1131 2978 dum
1155 2911 1190 2978 iu
1208 2911 1332 2979 arbores
1355 2913 1387 2978 et
1406 2911 1441 2978 in
1465 2912 1548 2979 uites

456 3132 571 3191 carcub
588 3131 719 3204 cypriani
736 3131 853 3202 epistola
874 3131 908 3186 nr
928 3131 1065 3187 Donatum
1087 3131 1186 3202 incipit
1203 3131 1242 3195 B,
1269 3132 1480 3202 inscriptionem
1497 3147 1547 3188 orn.

408 3218 513 3274 WPM.
532 3217 567 3272 ad
578 3217 716 3272 Donatum
727 3215 861 3286 domatis
872 3215 917 3271 dei
928 3217 1075 3285 imeripsit
1090 3215 1178 3271 Oxou.
1244 3217 1263 3274 3
1281 3231 1418 3272 ammones
1434 3219 1497 3274 WB

404 3303 560 3359 mememini
580 3319 615 3358 ea
634 3302 750 3358 moment
769 3301 794 3356 Ρ
814 3301 882 3359 aad
934 3302 955 3359 4
972 3301 1037 3371 quo]
1058 3317 1139 3370 quom
1160 3303 1277 3358 emoti
1296 3303 1445 3370 Latinius,
1466 3319 1547 3374 quum

404 3389 556 3458 Riualitas,
577 3388 608 3442 in
628 3403 681 3457 quo
702 3387 845 3442 Pometios
908 3388 928 3447 5
949 3387 1088 3441 sollemnis
1108 3387 1158 3456 Μ,·
1178 3388 1457 3457 mepbainreiitterua
1473 3391 1548 3445 orti

404 3473 621 3541 omifamdriaim·
647 3475 680 3528 in
707 3473 745 3528 M
818 3473 943 3530 (istatas
971 3473 1044 3542 WP,
1065 3477 1141 3528 sutus
1167 3474 1207 3540 B,
1229 3475 1351 3529 statutas
1372 3477 1409 3530 M
1481 3476 1549 3531 fati·

403 3558 507 3629 gantis]
538 3558 693 3614 satiarentis
715 3559 827 3627 :recepit
855 3574 891 3614 aa
919 3574 978 3614 erno
1008 3559 1079 3614 libro
1109 3560 1247 3615 Balesium
1327 3560 1449 3617 inducias
1471 3562 1499 3617 B

404 3644 547 3714 sortiatur]
568 3644 684 3700 sortitur
704 3661 734 3710 o,
759 3647 883 3700 seruatur
905 3645 945 3712 P,
962 3644 1011 3700 aed
1032 3661 1055 3702 s.
1067 3645 1085 3700 1.
1097 3663 1132 3700 nr.
1146 3649 1167 3700 2
1183 3647 1298 3702 feriatur
1351 3647 1452 3705 irenis
1463 3648 1502 3704 Μ

403 3729 564 3788 {tortorum
579 3731 617 3788 W
678 3729 824 3786 iuonudum
847 3731 890 3786 Br
955 3730 1175 3800 dstudentibns]
1196 3731 1375 3788 stridentibus
1392 3734 1436 3803 P,·
1453 3734 1549 3790 luden-

403 3815 480 3872 tibus
502 3817 617 3872 oonieoii
645 3815 783 3872 Modus
803 3815 913 3872 walerio
938 3815 1063 3872 Minucii
1089 3817 1196 3872 Felicis
1220 3816 1312 3873 Oetae.
1341 3835 1362 3874 c.
1385 3822 1412 3887 3,
1434 3824 1469 3874 4.·
1496 3821 1550 3876 iter

403 3901 505 3957 sabulis
525 3900 687 3958 fallentibus
767 3905 895 3972 precepta
911 3902 963 3970 W;
981 3917 997 3956 e
1017 3907 1045 3956 ct
1065 3917 1097 3956 ao
1121 3903 1173 3957 liii.
1195 3905 1308 3972 menites
1332 3905 1551 3973 confunduntur

403 3987 437 4042 iri
452 3987 493 4042 W
542 3987 581 4045 10
597 3987 813 4043 mnsoiautiaM
860 3987 1006 4058 pso-toris
1022 3987 1057 4044 W
1110 3988 1186 4058 loqui
1203 3988 1275 4056 WV,
1293 3990 1551 4061 eloquiumPBMr,

403 4071 596 4143 oolloquiumo
654 4073 689 4130 11
707 4071 862 4144 prophanus
878 4073 916 4128 W
983 4071 1167 4146 obstrepentis
1179 4075 1227 4146 M,
1245 4074 1500 4133 amatoribus

406 4157 444 4215 12
462 4158 636 4228 optundatB
688 4157 1025 4226 mntPaeutcaeoorr„
1045 4161 1169 4216 dentis*
1234 4161 1270 4218 13
1287 4161 1432 4234 utubidi,
1488 4179 1552 4233 pon·

406 4241 477 4298 dolis
489 4243 537 4299 M·
590 4241 735 4298 arundines
752 4243 792 4297 W
843 4240 1070 4303 sturnorum?
1121 4245 1263 4306 inormi!

1301 4333 1343 4398 1*
